3644 5592
782 277 934 331 Exordium
1496 297 1538 337 xv

179 457 229 516 est
257 451 359 516 moles
390 451 490 534 plana
516 450 624 534 operis
653 451 770 516 vetusti
800 471 839 515 ex
867 450 954 514 calce
982 455 1013 514 et
1039 451 1137 535 topho
1162 450 1353 535 composita,
1385 452 1416 512 et
1437 467 1539 532 prope

179 575 251 618 earn
275 573 355 618 saxa
371 573 490 635 magna
505 573 686 617 marmorea
701 553 821 617 effossa
835 559 917 635 suat,
935 551 1002 615 alia
1016 553 1119 636 rudia,
1143 553 1210 616 alia
1230 551 1354 616 affabre
1376 553 1539 636 sculpta¹),

178 655 264 720 inter
302 673 386 736 qaae
419 655 601 736 fragmenta
633 655 792 738 quaedam
826 655 976 719 iacebant
1010 663 1186 720 statuarum
1209 660 1241 718 et
1270 652 1538 736 anaglyphoram,

181 757 381 839 srustulaque
414 759 569 821 nonnulla
602 765 744 822 actorum
772 757 949 823 Arvalium.
995 756 1210 834 Quamobrem
1243 756 1403 820 fossiones
1438 775 1540 836 usque

180 859 223 923 ad
247 858 404 943 posticam
432 865 555 942 partem
584 859 722 924 aedilicii
747 861 953 924 continuatae
977 867 1067 925 saint:
1090 861 1167 924 item
1189 863 1387 924 evacuarunt
1408 863 1538 942 puteum

180 963 248 1025 sive
272 961 442 1025 cisternam
466 962 632 1045 antiquam
656 963 688 1026 in
717 983 820 1044 caque
842 969 1053 1047 reppererant
1075 961 1256 1043 tragaleata
1278 961 1433 1025 nonnulla
1460 980 1540 1024 arar-

180 1085 304 1127 moram
318 1064 514 1148 sculptorum
530 1066 793 1148 scriptorumque.
817 1063 926 1129 Nihilo
942 1067 1047 1129 minas
1064 1085 1133 1129 cum
1147 1071 1233 1128 terra
1244 1064 1339 1127 altius
1351 1061 1540 1145 ascendens,

179 1165 235 1228 ubi
266 1165 308 1229 ad
338 1166 452 1229 collem
475 1185 551 1230 crasa
573 1167 729 1249 adplicita
752 1173 808 1248 cst,
833 1167 1047 1231 difficiliorem
1069 1167 1102 1231 in
1125 1166 1194 1230 dies
1217 1165 1359 1229 laborem
1382 1164 1540 1244 redderet,

181 1287 241 1332 nec
268 1266 487 1332 invenirentur
514 1269 558 1332 ibi
587 1269 649 1332 nisi
678 1270 815 1333 frustula
840 1270 958 1350 exigua
985 1270 1153 1333 marmoris
1182 1275 1286 1332 terrae
1314 1266 1471 1348 admixta,
1495 1266 1540 1328 in-

181 1369 391 1453 scriptionum
419 1376 526 1434 autem
554 1371 736 1452 fragmenta
758 1373 811 1435 via
835 1364 916 1452 ralla,
941 1391 1039 1454 opere
1062 1371 1122 1435 hac
1145 1376 1229 1435 certe
1251 1375 1343 1453 parte
1366 1369 1475 1432 relicto
1499 1367 1540 1432 ad

182 1473 267 1537 latus
291 1472 483 1552 transgressi
512 1471 657 1536 (teatrum
682 1492 791 1556 casae,
826 1473 914 1555 qaod
946 1473 1145 1536 occidentem
1181 1480 1293 1537 versas
1322 1478 1384 1552 cst,
1412 1479 1542 1554 praeter

181 1575 320 1658 plurima
341 1574 478 1637 sru'stala
500 1593 680 1638 marmorea
702 1595 740 1639 ao
763 1575 826 1638 dcto
849 1595 931 1639 saxa
953 1574 1071 1659 lapidis
1094 1574 1252 1638 Tiburtini
1269 1579 1420 1656 quattuor
1435 1571 1540 1635 statim

180 1677 224 1740 ibi
257 1675 456 1760 repperimus
479 1681 621 1738 actorum
644 1677 810 1741 Arvalium
837 1677 1032 1759 fragmenta,
1068 1697 1203 1758 qaorum
1231 1695 1328 1738 anum
1362 1693 1438 1757 pars
1473 1679 1542 1736 orat

181 1778 311 1842 tabulae
334 1776 368 1840 Ο.
399 1776 547 1840 Caesaris
571 1777 614 1860 (a.
638 1779 703 1861 38).
748 1779 791 1843 m
813 1780 927 1844 faustis
950 1779 1048 1843 initiis
1071 1785 1204 1844 eventus
1227 1797 1339 1861 param
1361 1773 1542 1858 respondit:

181 1878 352 1943 etl'odiums
381 1878 465 1941 enirn
492 1885 610 1944 terram
641 1881 683 1944 ad
713 1883 814 1945 salma
842 1901 943 1964 usqae
973 1887 1132 1946 vetustam
1161 1881 1247 1945 calce
1271 1879 1456 1958 sarmatam,
1486 1875 1542 1939 sed

181 1979 324 2063 exceptis
352 1973 441 2043 saxis
464 1981 655 2062 quibasdam
678 1983 854 2048 'libaminis
878 1985 962 2049 scaro
986 1990 1017 2048 et
1039 1983 1168 2066 plumbo
1192 1983 1275 2046 inter
1297 2001 1332 2044 se
1355 1979 1541 2060 coniunctis,

181 2080 434 2162 fragmentisque
456 2085 619 2147 nonnullis
644 2086 786 2168 parvulis
809 2091 950 2148 actorum
974 2085 1111 2168 collegii,
1135 2085 1266 2148 maioris
1288 2081 1439 2145 momenti
1464 2079 1542 2142 nibil

182 2181 343 2267 apparuit.
390 2183 484 2248 Unde
512 2185 625 2249 relicta
657 2185 717 2250 liae
740 2208 867 2269 qaoque
891 2193 982 2270 parm
1005 2207 1089 2271 pone
1112 2207 1230 2268 casam,
1253 2185 1305 2248 rabi
1331 2183 1427 2247 altius
1450 2181 1541 2244 collis

181 2285 337 2366 adsurgit,
355 2304 457 2368 prope
472 2291 601 2368 pateam
617 2309 681 2369 quo
694 2287 790 2354 bodio
806 2297 945 2372 utantur,
963 2295 1081 2353 terram
1097 2289 1320 2372 temptavimus
1337 2293 1542 2364 actorumque

182 2387 364 2467 fragmenta
392 2387 591 2470 repperimus
619 2389 751 2454 minoris
774 2391 924 2455 momenti
947 2393 1059 2476 plura,
1088 2397 1256 2476 praeterea
1284 2391 1438 2454 fastorum
1469 2386 1543 2450 civi-

182 2489 259 2552 lium
282 2489 472 2571 particalem
496 2489 653 2571 insignem
670 2493 704 2575 ²),

270 2591 319 2654 16.
364 2591 536 2657 Fossiones
559 2592 658 2674 igitur
680 2595 803 2659 etiamsi
828 2597 1043 2680 expectationi
1066 2603 1196 2661 nostrae
1219 2617 1283 2660 non
1305 2597 1543 2680 plancrcspon-

181 2690 304 2770 derant,
328 2701 360 2756 et
383 2693 544 2776 quaedam
560 2694 718 2760 dederant
733 2717 798 2760 aaa
814 2697 997 2780 spernenda
1019 2705 1225 2764 monumenta
1248 2705 1279 2760 ct
1302 2697 1435 2780 repertis
1457 2695 1543 2758 saxis

181 2797 314 2880 sculptis
342 2795 486 2878 ipsisque
509 2795 760 2881 inscriptionum
790 2799 978 2880 fragmentis
1017 2801 1223 2866 ostenderant
1259 2799 1388 2878 rudera,
1424 2795 1540 2878 quibas

181 2919 257 2963 casa
280 2899 396 2962 vincae
419 2897 570 2980 imposita
593 2904 650 2980 cst,
675 2899 716 2962 ad
740 2903 948 2984 praecipuum
972 2903 1134 2984 quoddam
1163 2901 1330 2966 Arvalium
1361 2899 1541 2963 aedificium

180 3000 352 3065 referenda
368 3020 449 3081 esse,
468 2999 557 3062 caius
569 3001 709 3083 parietes
723 3004 919 3068 eatflnsccus
932 3010 1103 3068 exornatos
1120 3005 1194 3068 olim
1209 3005 1311 3068 facisse
1327 3001 1443 3065 tabulis
1459 3009 1542 3064 acto-

180 3124 249 3166 rum
273 3103 353 3186 ipso,
377 3122 441 3184 qao
465 3101 526 3165 hae
548 3109 696 3184 repertae
720 3111 820 3186 crant,
845 3105 956 3168 catino
989 3106 1245 3170 continuabatur.
1289 3105 1372 3168 Nam
1400 3103 1542 3185 exceptis

180 3204 385 3289 paucissimis
415 3202 594 3286 particulae
625 3209 767 3268 actorum
798 3207 907 3270 tabula
930 3208 1118 3272 Neroniana
1140 3207 1347 3289 antiquiores,
1372 3211 1406 3268 ut
1428 3205 1540 3268 Petras

180 3307 310 3388 quidem
335 3304 548 3368 Ceccarellias
571 3311 719 3368 accurate
743 3305 935 3388 observavit,
960 3309 1003 3372 ad
1026 3311 1110 3373 latus
1133 3307 1271 3372 aedilicii
1294 3306 1380 3388 quod
1398 3305 1542 3368 occiden-

178 3419 241 3473 tem
264 3412 389 3492 spectat
412 3406 551 3470 effossae
574 3413 655 3487 sunt,
680 3409 873 3472 recentiores
897 3417 1002 3473 autem
1026 3411 1069 3474 ad
1084 3412 1168 3474 latus
1185 3410 1339 3472 orientem
1356 3406 1541 3490 respiciens.

179 3509 383 3594 Quapropter
398 3528 469 3572 cum
486 3527 598 3572 versas
616 3508 708 3572 tinem
723 3510 843 3574 mensis
860 3511 1005 3576 Octobris
1022 3513 1096 3576 anai
1116 3512 1195 3575 1867
1213 3510 1279 3573 alia
1295 3507 1542 3589 augustissimae

179 3612 311 3692 reginae
345 3609 536 3673 liberalitate
580 3609 680 3673 adiuti
719 3610 824 3675 denuo
858 3634 939 3696 opus
973 3613 1237 3695 aggrederemur,
1276 3611 1389 3674 itcram
1423 3619 1539 3674 terram

178 3711 325 3776 aedilicio
357 3711 401 3772 illi
429 3711 566 3774 vicinam
595 3713 790 3792 perscrutari
818 3713 1008 3798 incepimus,
1039 3715 1096 3778 sed
1127 3715 1260 3778 frustra:
1283 3712 1432 3793 quamvis
1456 3711 1539 3775 enirn

177 3813 397 3877 insisteremus
432 3813 537 3896 operi,
573 3812 675 3875 donce
703 3820 828 3898 tempus
863 3815 1002 3878 hiemale
1037 3815 1191 3879 (lesistcre
1227 3813 1347 3896 (retegit,
1382 3833 1420 3876 co
1456 3819 1540 3875 certe

176 3917 248 3978 loeo
277 3933 342 3976 noa
370 3921 444 3976 sunt
474 3915 593 3977 effossa
616 3913 678 3978 uisi
702 3915 896 3996 praticissiura
919 3921 950 3980 et
973 3917 1080 3997 exigui
1105 3917 1256 3980 momenti
1279 3923 1421 3980 actorum
1446 3913 1541 3975 fasto-

176 4034 310 4096 rumque
340 4011 481 4076 civilium
510 4013 699 4094 fragmenta.
745 4014 867 4078 Eodem
896 4018 963 4080 sere
993 4025 1135 4102 tempore
1164 4019 1196 4082 ia
1224 4025 1316 4102 parte
1350 4017 1464 4080 vincae
1498 4011 1541 4076 ad

176 4116 384 4180 occidentem
414 4115 559 4194 vergenti
599 4122 727 4198 practer
760 4137 868 4180 aurcos
902 4119 1058 4199 quosdam
1093 4120 1200 4203 operis
1238 4118 1411 4182 admodum
1450 4115 1539 4179 radis

175 4223 308 4295 inventa
332 4221 380 4278 est
404 4214 490 4278 basis
514 4217 652 4298 parvula
675 4217 796 4300 lapidis
819 4219 976 4282 Tiburtini
1001 4221 1086 4284 Furti
1111 4221 1272 4284 Fortunae
1296 4220 1404 4283 (licata
1418 4221 1452 4295 ³).

264 4319 311 4381 ts.
362 4316 518 4380 Frustrati
549 4317 609 4380 lroc
636 4318 731 4381 modo
755 4339 812 4402 spic
836 4340 890 4402 ea,
925 4341 1022 4401 quarn
1050 4321 1090 4385 de
1120 4323 1178 4385 illa
1213 4321 1354 4386 fossione
1387 4339 1539 4404 concepe-

188 4457 250 4464 .....-
256 4456 323 4462 .—.
712 4457 723 4463 -
730 4457 890 4465 -—-——
1138 4461 1335 4468 --.-.—---—.-.
1359 4463 1366 4467 .
1391 4462 1534 4469 -—--.--..-

249 4521 267 4585 ¹)
292 4519 428 4588 Depiaait
453 4536 487 4570 ec
506 4518 670 4587 Rudolplms
695 4521 832 4574 Lanciaui
956 4524 975 4588 ²)
992 4523 1161 4588 Fragmenta
1173 4539 1245 4576 curro
1259 4525 1446 4592 lectrcpeaa
1461 4523 1536 4575 edidi

176 4608 202 4659 in
218 4605 314 4658 labala
331 4606 354 4657 V
369 4604 479 4658 adaeus
498 4605 532 4656 ad
553 4605 650 4658 librum
671 4621 768 4669 merim,
787 4607 830 4658 cui
886 4610 911 4661 ia
938 4613 1089 4661 attractibus
1115 4607 1236 4660 Ius-litati
1259 4609 1451 4678 arcdceolopr'ci
1473 4611 1537 4662 unni

175 4690 274 4744 titulus
304 4693 350 4743 est
367 4691 446 4743 scalt
464 4695 510 4744 uel
527 4693 601 4744 bosco
620 4711 697 4744 sacro
716 4694 756 4744 de'
769 4695 832 4758 fra·
884 4694 1008 4746 eiusdem
1030 4713 1055 4762 p.
1069 4697 1217 4749 nce-296.

174 4779 231 4830 cells·
249 4777 356 4840 structi,
372 4777 403 4829 iu
417 4777 533 4847 eiusque
552 4777 709 4847 appendice
729 4777 767 4847 (p.
783 4779 833 4832 105
887 4826 890 4832 .
953 4779 974 4841 ⁸)
998 4781 1033 4834 el.
1063 4781 1206 4834 Belmina
1234 4787 1289 4835 cst.
1321 4781 1376 4834 tub,
1409 4781 1475 4833 Illa
1508 4785 1538 4834 ct

174 4861 266 4933 seqq.)
287 4861 438 4932 diligenter
457 4863 618 4935 descripsit.
884 4868 983 4935 p.1d).
