3570 5590
844 291 971 347 Iueertee
990 290 1099 348 eetetis.
1128 299 1132 308 '

532 1173 854 1270 FRAGMENTA
883 1173 1107 1291 Aestus
1136 1177 1409 1275 INOERTAE.

935 1449 987 1533 A.

883 1651 1003 1735 Popioe
1025 1654 1050 1716 1.

291 1836 458 1854 ......
483 1788 516 1852 Ρ.
542 1787 704 1852 Petronius

332 1893 467 1956 Priscus.

332 2042 818 2062 ................
843 1997 875 2062 0.
899 1998 1023 2079 Aufidio
1052 1994 1208 2062 Victorino
1232 1993 1472 2080 eo(n)s(ulihus)

445 2097 488 2160 Vi
508 2098 614 2175 (XVI)
635 2099 813 2177 irsoleedos)
836 2102 974 2178 terrase)

330 2203 362 2264 iu
387 2201 477 2264 domo
500 2248 923 2268 ..............
953 2204 1125 2286 8889688νὶ)
1151 2203 1268 2284 fratres
1298 2202 1430 2266 Arvales
1450 2201 1643 2283 praetextati

331 2305 520 2384 sucrificium
549 2304 625 2367 deae
649 2305 728 2372 ntae
755 2314 822 2368 ture
849 2315 878 2370 et
898 2309 969 2371 niue
991 2308 1146 2388 feceruut,
1173 2306 1276 2388 ibique
1304 2303 1532 2370 discumbentes
1554 2314 1644 2368 toru-

1252 2406 1348 2511 818888
1369 2411 1566 2491 sepmentetie
1589 2415 1643 2471 eet.

286 3147 482 3218 Fragmentum
502 3146 602 3201 litteris
621 3148 761 3218 pessimis,
781 3147 846 3202 altis
866 3145 931 3202 mill.
950 3150 984 3204 10
1002 3148 1029 3202 in
1049 3165 1091 3205 vv.
1111 3151 1135 3214 1,
1154 3149 1179 3214 8,
1198 3149 1224 3214 4,
1243 3146 1307 3202 mili.
1328 3150 1361 3204 18
1378 3148 1406 3202 in
1420 3165 1443 3202 r.
1457 3149 1483 3212 8,
1502 3153 1642 3218 repertum

679 3251 751 3290 anne
771 3236 839 3291 1867
857 3235 884 3288 in
903 3235 985 3290 vinea
1004 3235 1244 3292 Oeeoareltierum.

355 3339 499 3410 Descripsi
518 3343 548 3394 at
565 3338 640 3393 edidi
660 3338 687 3393 in
700 3339 771 3393 Aen.
789 3341 936 3394 instaret.
988 3345 1085 3411 potest
1115 3340 1250 3395 indicetne
1282 3355 1347 3394 esse
1378 3340 1458 3394 huius
1477 3338 1641 3394 consulatus

286 3427 354 3484 1867
373 3445 398 3498 p.
418 3429 482 3484 288.
988 3428 1075 3498 prior,
1102 3428 1136 3482 de
1156 3429 1234 3484 euius
1262 3444 1333 3483 anno
1361 3427 1429 3482 nihil
1448 3431 1576 3482 constet:
1605 3429 1642 3490 et,

356 3515 480 3569 Verbum
496 3517 669 3585 proleteaetoti
686 3514 720 3585 (v.
731 3515 759 3582 5)
772 3513 807 3568 ud
822 3515 936 3584 primum
988 3531 1151 3586 quemquem
1170 3532 1264 3587 perum
1284 3516 1355 3570 bene
1374 3515 1484 3570 litterae
1508 3519 1642 3568 exaratae

285 3599 357 3654 diem
377 3602 451 3657 saeri
469 3601 539 3656 deus
557 3602 629 3657 Diae
657 3601 838 3672 fragmentum
867 3602 937 3655 reie-
989 3607 1060 3668 sunt,
1079 3619 1150 3674 epex
1168 3607 1260 3658 tamen
1279 3604 1307 3658 in
1325 3619 1395 3658 vous
1411 3606 1453 3655 eris
1473 3602 1586 3672 positus
1606 3599 1642 3654 ad

282 3688 399 3764 randum
417 3705 481 3744 esse
500 3688 638 3745 ostendit:
663 3689 788 3759 seqnitur
807 3689 936 3744 eonsules
986 3695 1107 3744 aetutem
1118 3689 1210 3760 paullo
1222 3691 1404 3761 antiquiorem
1417 3687 1642 3743 benaeonvenit.

284 3781 514 3832 commemoratos
542 3794 567 3831 v.
587 3778 604 3832 8
631 3775 765 3830 suffectos
791 3793 864 3842 esse,
884 3792 935 3831 nee
985 3777 1142 3831 Fmstulum
1161 3777 1235 3847 qued
1254 3780 1384 3849 superest
1396 3776 1544 3846 pagineet
1558 3775 1641 3829 nimis

284 3864 399 3934 eogitari
417 3879 502 3936 posse
522 3871 570 3919 eut
588 3864 623 3918 da
638 3879 710 3918 anno
724 3865 784 3926 200,
803 3879 858 3934 que
878 3866 934 3918 Au·
985 3879 1106 3934 parvum,
1126 3879 1206 3934 quam
1221 3863 1295 3936 quod
1305 3863 1398 3934 possit
1410 3863 1538 3918 restitui:
1560 3863 1641 3918 vide·

284 3951 365 4006 fidius
377 3950 487 4021 quidem
501 3952 660 4007 Victorinus
675 3951 767 4006 teeees
779 3951 935 4006 ordinarios
984 3957 1028 4004 tur
1054 3951 1151 4006 reterri
1175 3968 1261 4023 pesse
1288 3951 1324 4006 ed
1349 3949 1486 4022 piaculum
1516 3951 1542 4004 in
1575 3951 1642 4005 1888

284 4038 383 4108 gessit,
402 4044 450 4093 eut
469 4037 503 4093 de
522 4040 668 4106 aue0183,
687 4039 849 4110 qnoiterum
869 4055 934 4094 eou-
986 4038 1095 4094 iactum.

284 4126 327 4180 sul
357 4125 408 4181 init
438 4125 509 4182 alius
535 4125 664 4183 Aufidius
686 4128 857 4184 Victorinus.
893 4125 934 4182 Ar
