3644 5592
289 307 368 347 xvrn
880 283 1038 338 Exordium.

379 458 428 523 19.
474 459 523 522 Ita
550 456 625 521 dum
652 463 784 541 cryptae
812 455 991 520 coemeterii
1019 455 1217 522 subterranei
1244 460 1392 520 accurate
1425 449 1641 535 explorantur,

292 581 414 626 summo
444 558 559 625 ardore
589 558 832 624 continuabatur
858 558 1063 641 investigatio
1090 578 1186 624 areae
1214 558 1272 623 rub
1305 556 1381 622 divo
1413 552 1555 641 positae,
1582 567 1643 614 nec

290 663 416 745 Regina
441 662 535 727 modo
574 661 834 745 clementissima,
861 663 920 726 scd
947 662 1016 746 ipse
1043 663 1111 728 Rex
1133 661 1322 742 Guilelmus,
1345 655 1538 724 Germaniae
1559 673 1644 719 nuno

293 771 470 851 Imperator
488 765 746 850 gloriosissimus,
769 763 810 829 de
826 763 910 830 fellei
926 763 1205 847 investigationum
1220 783 1369 829 successu
1386 762 1538 827 certiores
1554 761 1640 848 iacti,

292 889 414 934 summa
441 867 545 932 denuo
574 868 764 933 liberalitate
792 887 850 932 nos
879 867 1080 932 adiuverunt.
1125 871 1237 951 Neque
1267 866 1450 932 fefellerunt
1476 887 1534 933 nos
1567 885 1642 951 spes

292 977 482 1056 conceptae3
505 991 579 1036 uam
602 977 727 1055 praeter
749 970 931 1052 fragmenta
952 971 1088 1054 plurima
1110 977 1250 1037 actorum
1274 989 1383 1036 mense
1405 969 1490 1034 Maio
1513 969 1642 1034 ineunte

292 1073 411 1162 prodiit
433 1075 559 1157 integra
579 1075 691 1142 tabula
712 1072 789 1137 anni
812 1074 863 1156 90,
887 1079 918 1137 et
939 1074 1064 1139 etiamsi
1087 1074 1200 1140 diebus
1216 1072 1447 1158 posterioribus
1468 1071 1558 1136 nulla
1577 1072 1642 1136 alia

292 1181 325 1244 in
349 1179 451 1243 lucern
474 1179 601 1261 prolata
622 1187 671 1243 est
693 1175 802 1240 tabula
824 1175 957 1260 integra,
981 1177 1081 1242 multa
1103 1178 1136 1242 in
1159 1177 1230 1242 dies
1252 1177 1383 1242 inventa
1404 1183 1478 1241 sunt
1506 1175 1643 1241 frustula

292 1281 472 1346 tabularum
506 1280 705 1364 potissimum
732 1297 888 1342 annorum
915 1280 956 1344 38
985 1285 1017 1343 et
1043 1281 1097 1363 87,
1132 1300 1265 1362 quarum
1295 1286 1403 1363 partes
1427 1285 1501 1344 ante
1523 1299 1641 1344 annum

293 1404 394 1468 prope
417 1383 596 1448 aedificium
619 1381 787 1447 rotundum
811 1381 924 1446 vincae
952 1381 1112 1447 inferioris
1140 1383 1436 1448 eruderaveramus.
1488 1381 1641 1448 Deficien-

294 1487 379 1552 tibus
403 1486 541 1568 denique
564 1485 670 1569 operis
693 1485 725 1548 in
747 1503 870 1549 summo
892 1485 973 1550 colle
995 1484 1036 1548 ad
1060 1485 1153 1551 linem
1176 1485 1329 1572 perducta
1351 1505 1434 1568 quae
1456 1484 1500 1549 ibi
1516 1486 1643 1570 incepta

293 1598 362 1657 erat
384 1589 536 1673 fossione,
560 1589 592 1652 in
616 1593 706 1673 parte
729 1585 843 1652 vineae
864 1607 946 1670 quae
969 1587 1121 1652 orientem
1145 1587 1288 1673 respicit,
1312 1606 1350 1652 eo
1373 1588 1458 1671 looo,
1481 1609 1544 1670 quo
1567 1595 1641 1654 oute

294 1713 411 1758 annum
436 1697 566 1776 propter
588 1689 807 1755 difficultatem
830 1691 1044 1773 exiguamque
1060 1691 1226 1756 utilitatem
1241 1710 1321 1775 opus
1336 1691 1546 1776 interrupttun
1563 1699 1641 1776 erat,

293 1805 409 1864 terram
432 1795 537 1860 denuo
559 1791 791 1878 temptavimus,
815 1811 874 1857 nee
895 1793 965 1856 sine
987 1791 1105 1857 fructu:
1135 1815 1209 1858 nam
1231 1799 1359 1878 praeter
1382 1794 1564 1878 fragmenta
1585 1796 1640 1860 mi-

294 1901 382 1964 noris
420 1897 513 1983 pretii
548 1903 670 1980 partem
710 1892 908 1979 repperimus
954 1903 1095 1960 actorum
1133 1895 1271 1960 Neronis
1312 1896 1388 1960 anui
1422 1897 1475 1962 59.
1531 1898 1641 1963 Cessa-

294 2004 398 2068 vimus
429 2021 449 2065 a
475 1997 585 2063 labore
613 2017 642 2060 a.
671 1997 701 2062 d.
732 1999 776 2062 VI
805 1997 961 2064 kalendas
991 1999 1089 2064 Iulias
1117 1999 1222 2082 operis
1252 1998 1292 2064 ob
1316 1999 1454 2064 calorem
1486 2000 1641 2065 aestivum

293 2107 325 2169 in
353 2102 490 2188 patriam
524 2099 738 2165 redeuntibus.
764 2103 768 2114 '
795 2099 846 2164 Ad
872 2101 952 2165 illud
981 2120 1080 2184 usque
1107 2107 1230 2184 tempus
1259 2121 1343 2184 quae
1370 2101 1403 2166 in
1440 2102 1537 2168 vinea
1569 2103 1642 2168 Ceo-

294 2206 495 2272 oarelliorum
522 2210 649 2288 reperta
678 2223 698 2266 a
727 2203 817 2268 nobis
853 2210 943 2267 erant
975 2209 1193 2286 monumenta,
1228 2223 1268 2268 ea
1300 2202 1386 2268 edidi
1420 2209 1451 2268 et
1483 2203 1639 2269 illustravi
1692 2287 1696 2296 ,

294 2311 327 2374 in
349 2307 430 2373 libro
453 2307 625 2390 inscripto:
649 2306 743 2367 Sonat
765 2307 816 2368 nel
837 2307 929 2371 bosco
951 2327 1044 2370 sacro
1068 2309 1117 2370 dci
1136 2309 1257 2394 fratelli
1279 2308 1389 2370 Areua
1408 2327 1466 2388 per
1481 2309 1642 2389 Iorpbesaa

295 2416 373 2478 delle
399 2414 460 2475 tt.
491 2411 561 2472 Mn.
592 2410 759 2488 Gugb'elmo
788 2411 827 2470 ed
846 2411 988 2490 depasto
1013 2430 1048 2472 rc
1070 2412 1216 2491 crepion
1238 2412 1271 2472 ut
1293 2395 1423 2474 Proteia
1445 2413 1567 2492 operati
1588 2411 1642 2473 dni

296 2519 414 2598 signori
445 2514 626 2592 Ccccorclli,
653 2513 810 2574 relatione
836 2533 857 2574 a
879 2533 966 2574 nome
988 2513 1063 2576 dcll’
1086 2515 1230 2576 instituto
1253 2515 1286 2575 di
1308 2515 1570 2594 corrispondenso
1592 2535 1641 2576 or-

296 2621 472 2700 cbeotcpr’ca
491 2617 670 2698 pobbtiooto
690 2617 733 2678 da
753 2617 787 2678 G.
805 2616 935 2699 Henscn,
959 2617 1058 2680 Romo
1079 2619 1167 2680 dalla
1189 2619 1355 2696 tr'poprafio
1379 2617 1524 2680 Tiberino
1551 2617 1640 2698 1868,

295 2745 348 2808 pp.
378 2721 460 2786 XIII
489 2725 520 2783 st
551 2718 608 2782 107
639 2722 671 2781 et
692 2717 777 2782 tabb.
800 2717 927 2801 lithogr.
951 2717 979 2784 V
1001 2719 1086 2804 (cum
1108 2719 1286 2804 appendIce
1309 2717 1468 2803 Rudolphi
1487 2719 1642 2785 Lanciani

298 2825 338 2890 dc
360 2821 507 2889 aedilicio
531 2820 666 2885 rotundo
689 2819 827 2905 vineae).
1702 2851 1703 2854 ι

381 2926 500 2990 Multae
522 2929 628 2987 tamen
651 2929 758 3006 partes
781 2923 895 2989 vineae
917 2925 1102 3009 exploratae
1125 2923 1265 2990 nondum
1282 2931 1381 3010 erant,
1397 2945 1456 2990 neo
1471 2925 1504 2988 in
1519 2945 1642 2990 summo

296 3030 378 3095 colle
405 3029 503 3112 plane
530 3024 687 3090 exhausta
713 3024 883 3090 videbatur
912 3045 982 3090 esse
1010 3045 1087 3090 area
1114 3029 1309 3114 coemeterii,
1339 3029 1424 3093 uude
1447 3033 1492 3092 tot
1513 3027 1643 3092 tabulae

296 3135 329 3197 in
362 3133 463 3196 lucem
499 3129 669 3194 radleraut.
715 3129 918 3214 Quapropter
950 3129 991 3194 ab
1024 3128 1179 3212 Augustis
1212 3131 1389 3196 fautoribus
1417 3150 1502 3194 nova
1535 3131 1644 3216 adepti

297 3235 443 3302 subsidia
470 3234 572 3299 bieme
605 3253 761 3298 annorum
793 3231 912 3312 lasese
942 3231 1066 3298 duobus
1094 3232 1294 3317 potissimum
1318 3233 1432 3299 vineae
1454 3234 1533 3299 loeis
1567 3255 1647 3320 opus

296 3339 443 3423 aggressi
466 3357 593 3420 sumus,
617 3338 650 3402 in
674 3337 743 3420 ipso
766 3334 886 3400 scilicet
908 3335 989 3400 colle
1011 3335 1187 3418 paullulum
1209 3335 1294 3400 infra
1316 3336 1487 3400 oratorium
1512 3339 1643 3403 Damasi

297 3463 415 3528 papae,
444 3449 476 3506 et
503 3440 624 3504 maiore
647 3440 742 3504 etiam
765 3437 886 3504 ambitu
910 3437 943 3502 in
965 3443 1056 3522 parte
1079 3437 1193 3502 declivi
1216 3439 1341 3520 vineae,
1364 3458 1447 3521 quae
1469 3440 1576 3525 posita
1598 3423 1646 3506 est

295 3548 512 3610 interessem
543 3547 574 3606 et
604 3541 825 3606 coemeterium
853 3561 928 3606 vere
955 3541 1030 3605 anni
1064 3542 1144 3606 1868
1172 3542 1379 3626 exploratum.
1425 3543 1466 3607 Et
1498 3543 1530 3606 in
1564 3543 1645 3608 colle

297 3648 424 3732 quidem
453 3645 618 3731 superiore
646 3664 743 3728 opere
772 3665 810 3708 eo
837 3663 937 3728 usque
965 3643 1128 3727 absoluto,
1157 3651 1192 3708 ut
1218 3663 1289 3708 oum
1319 3645 1409 3710 fossa
1430 3646 1506 3710 anni
1529 3647 1645 3731 prloris

299 3752 546 3834 coniungerctur
569 3767 662 3832 nova,
685 3747 822 3832 plurima
837 3747 1018 3829 fragmenta
1033 3745 1203 3811 eruderate
1218 3753 1301 3830 sunt,
1318 3755 1459 3814 actorum
1474 3751 1646 3834 praecipue

297 3854 373 3918 anni
408 3855 458 3920 69.
506 3855 573 3918 Neo
602 3850 688 3934 quod
716 3850 801 3915 circa
828 3851 942 3916 clivum
972 3869 1052 3934 opus
1083 3849 1251 3933 inceptum
1272 3857 1354 3934 erat,
1385 3852 1416 3915 in
1444 3859 1535 3935 parte
1563 3859 1647 3918 certe

296 3956 447 4021 inferiore
470 3955 540 4019 sine
563 3954 702 4018 utilitate
725 3953 794 4036 fuit,
819 3973 888 4016 oum
911 3951 996 4016 haud
1019 3971 1122 4036 pauca
1143 3971 1203 4016 nec
1225 3953 1345 4035 exigua
1367 3953 1503 4019 frustula
1525 3955 1646 4020 tabula-

295 4081 364 4124 rum
387 4057 431 4122 ibi
455 4075 581 4140 quoque
605 4055 834 4120 effoderentur:
857 4053 1122 4118 deminuebantur
1136 4061 1242 4120 tamen
1259 4055 1377 4120 fructus
1394 4056 1554 4142 fossionis,
1572 4059 1645 4124 dum

296 4162 338 4227 ad
374 4160 569 4244 superiorem
605 4159 718 4223 collem
753 4159 1063 4242 appropInquamus,
1105 4177 1296 4240 quamquam
1336 4177 1401 4222 nou
1437 4157 1542 4224 desita
1575 4167 1649 4225 sunt

296 4263 435 4330 inveniri
459 4263 639 4344 fragmenta
665 4261 810 4343 quamvis
833 4259 984 4344 parvula;
1017 4279 1077 4324 nec
1098 4259 1216 4324 licebat
1238 4261 1335 4342 igItur
1356 4259 1397 4324 ab
1420 4261 1646 4346 iuvestigando

296 4367 468 4448 desistere,
496 4366 681 4450 priusquam
713 4363 971 4448 pervenissemus
999 4362 1057 4426 sub
1081 4362 1184 4446 ipsum
1206 4361 1428 4428 coemeterium
1452 4383 1535 4430 anuo
1559 4387 1647 4451 prae·

295 4469 420 4535 cedenti
449 4470 657 4554 exploratum.
704 4465 773 4544 Quo
802 4464 886 4531 facto
915 4465 1039 4530 duobus
1069 4464 1142 4528 aliis
1172 4465 1252 4530 locis
1275 4472 1391 4531 terram
1416 4469 1647 4552 temptavimus,

295 4572 353 4638 sed
376 4573 509 4636 frustra:
534 4569 651 4655 reperti
674 4569 756 4633 eninr
780 4590 844 4634 uon
866 4575 939 4634 sunt
961 4567 1025 4632 nisi
1047 4567 1129 4630 inuri
1152 4569 1259 4652 rudes,
1283 4568 1337 4651 qui
1360 4567 1476 4651 quibus
1492 4571 1647 4638 aedificiis

296 4674 456 4739 tribuendi
487 4679 594 4738 essent
620 4671 749 4736 minime
778 4672 964 4757 apparebat.
1009 4669 1212 4753 Quapropter
1240 4671 1406 4752 ingruente
1434 4677 1557 4737 aestate
1579 4695 1647 4739 cunr

295 4785 359 4846 iarn
388 4777 499 4874 sugere
527 4776 636 4840 urbem
665 4775 845 4859 coepissent
873 4793 1006 4858 operae,
1029 4773 1192 4854 segetibus
1216 4779 1320 4838 autem
1343 4781 1553 4858 occuparetur
1573 4797 1648 4860 pars

297 4880 411 4946 vineae
444 4879 476 4944 in
513 4899 635 4944 summo
668 4877 750 4942 colle
783 4898 801 4943 e
832 4880 962 4962 reglone
988 4895 1085 4943 arcae
1111 4875 1290 4941 coemeterii
1319 4876 1439 4962 posita,
1468 4897 1551 4960 quae
1579 4880 1650 4964 plus
