3592 5598
754 219 831 275 Vota
849 235 946 276 annua.
1482 224 1521 289 97

177 393 299 468 videtur,
320 393 395 454 55115
415 393 551 470 555180,
572 393 679 471 quibus
701 393 788 454 solito
809 393 927 454 brevius
956 398 1027 454 vote
1055 394 1233 468 referentum
1263 398 1332 472 post
1361 394 1423 454 eius
1457 411 1526 454 vero

179 497 305 550 aetatem
325 488 538 566 imperantibus
559 488 698 562 Traiano,
713 487 876 564 Hadriano,
891 488 1045 548 Antonino
1065 488 1120 548 Pio
1142 507 1229 566 quam
1242 491 1371 550 maxima
1383 489 1526 550 brevitate

177 593 243 646 ecta
263 591 411 662 concepta
430 591 508 658 suut,
529 589 562 642 ut
582 584 636 642 sub
658 581 788 644 Traiano
808 599 862 642 nec
883 584 1001 644 numina
1023 585 1206 644 nominentur
1232 601 1285 645 nec
1306 585 1451 660 uictimae,
1472 585 1526 644 sub

176 681 331 742 Hadriano
362 686 458 740 antem
488 686 519 739 et
538 678 692 738 Antonino
711 677 767 737 Pio
787 696 823 737 ue
854 685 987 738 votorum
1009 679 1126 756 quidem
1152 681 1314 741 solutorum
1335 689 1384 740 aut
1405 679 1527 738 deorum

177 775 415 852 uictimarumque
435 772 497 834 ulla
517 779 598 833 extet
618 773 863 834 commemoratio.
899 773 975 834 Item
996 791 1071 853 quae
1093 775 1129 834 de
1150 776 1234 835 novis
1260 775 1335 835 votis
1356 792 1526 852 nuncupan-

176 871 222 930 dis
243 875 347 948 quarto
367 870 466 948 capite
487 874 619 929 actorum
638 868 799 929 Domitiani
818 869 964 946 leguntur,
985 887 1021 930 ea
1041 869 1070 928 iu
1091 871 1165 930 actis
1187 875 1254 929 aute
1281 875 1407 929 aetatem
1428 871 1527 929 Domi·

176 966 248 1025 11551
268 965 444 1042 conscriptis
464 964 593 1024 brevitor
613 963 779 1041 significata
800 969 877 1038 sunt,
896 964 939 1022 ita
958 971 1056 1024 tamen
1074 971 1105 1024 ut
1125 965 1290 1024 5515555155
1308 965 1375 1042 1555
1395 972 1528 1024 votorum

177 1062 310 1123 carmina
328 1077 494 1137 nomenque
506 1058 633 1120 addetur
643 1058 705 1117 eius
716 1058 765 1135 qui
776 1073 893 1116 carmen
904 1059 1067 1134 praeierat:
1088 1060 1141 1119 sub
1154 1059 1285 1118 Traiano
1297 1065 1410 1134 contra,
1420 1059 1528 1118 Hadri·

176 1175 244 1232 ano,
275 1155 427 1216 Antonino
455 1153 513 1213 Pio
545 1153 723 1214 carminibus
753 1151 869 1212 omissis
902 1154 1074 1231 simpliciter
1103 1160 1236 1212 votorum
1266 1154 1529 1231 nuncupandorum

176 1269 269 1313 causa
288 1249 461 1310 convenisse
481 1233 619 1308 dicufitur
638 1247 774 1307 Arrolos.
795 1248 897 1307 -De
918 1249 992 1308 actis
1013 1249 1069 1307 sub
1089 1249 1126 1306 M.
1147 1248 1271 1308 Aurelio
1296 1249 1436 1324 exaratis,
1457 1266 1528 1326 quo·

176 1364 240 1406 rum
260 1362 360 1423 pauca
378 1345 544 1420 fragmenta
564 1345 730 1419 supersunt,
751 1339 822 1400 nihil
844 1343 915 1402 certi
935 1343 1082 1403 affirmare
1102 1343 1185 1404 licet:
1206 1362 1271 1404 cum
1286 1350 1383 1404 551555
1397 1345 1529 1404 carmina

176 1441 274 1502 relata
292 1440 383 1500 luisse
403 1455 440 1498 ex
459 1437 589 1515 reliquiis
611 1453 709 1496 eorum
729 1437 852 1507 eluceat,
872 1442 973 1514 partes
996 1457 1112 1517 quoque
1133 1457 1207 1515 quae
1225 1439 1447 1515 praecedebant
1466 1441 1527 1517 ple·

175 1537 242 1595 nias
275 1533 410 1594 ridentur
443 1539 605 1610 conceptae
639 1530 738 1590 inisse.
779 1531 976 1609 Temporibus
1014 1534 1140 1612 denique
1176 1533 1332 1593 Commodi
1364 1539 1394 1593 et
1427 1532 1530 1596 Severi

176 1628 343 1690 Alexandri
363 1626 473 1686 omisso
493 1626 620 1686 carmine
641 1627 759 1686 nomina
778 1635 969 1688 recensentur
991 1628 1122 1704 duorum,
1145 1629 1250 1707 quibus
1278 1635 1347 1692 rota
1369 1630 1528 1707 solvuntur,

175 1725 296 1799 additis,
316 1730 349 1784 ut
368 1722 429 1782 fieri
451 1722 536 1795 solet,
557 1721 682 1780 victimis
697 1721 862 1783 immolatis.

252 1819 299 1879 De
311 1817 435 1894 singulis
447 1819 517 1875 noto
528 1813 610 1875 haec.
636 1813 752 1875 Nomen
763 1818 824 1877 eius
840 1817 1031 1896 qui'carmina
1042 1821 1174 1878 votorum
1186 1820 1344 1897 praeiissct
1355 1819 1528 1880 adnotatum

175 1911 1529 1992 essediximuaanteactatemDomitiani:legituretiaminactisanui81,omittituriamanuo

176 2013 223 2070 86.
244 2011 289 2070 De
301 2028 332 2069 re
344 2009 380 2068 cf.
391 2007 533 2084 imprimis
546 2007 662 2066 Plinius
676 2007 713 2084 (a.
725 2007 875 2082 l.28,11):
890 2013 1026 2067 victimam
1037 2011 1115 2067 caedi
1124 2013 1181 2067 sine
1188 2015 1347 2086 precatione
1357 2030 1413 2070 non
1422 2013 1529 2070 videtur

175 2109 279 2182 referre
289 2105 405 2162 madeas
415 2109 466 2161 rite
477 2105 587 2161 55555511.
593 2104 803 2180 praetereuntia
812 2113 873 2160 sant
884 2103 968 2161 cerba
977 2108 1118 2180 inpertitis,
1132 2107 1191 2163 alic
1202 2107 1373 2182 dqrrdeortr's,
1385 2107 1444 2164 otta
1456 2125 1528 2164 cone·

174 2201 355 2258 mentatum
373 2199 546 2274 videmusque
566 2203 644 2256 certis
660 2199 864 2274 precationibus
878 2199 1031 2257 obsecrasse
1043 2219 1161 2258 summos
1175 2206 1350 2278 mopistrotus
1363 2211 1386 2258 et
1404 2220 1438 2259 ne
1452 2204 1528 2278 555551

175 2297 320 2355 cadorum
339 2302 524 2371 praetereatur
544 2303 591 2351 cat
606 2303 817 2370 praeposterum
837 2296 953 2364 dicutur,
978 2297 1011 2352 de
1031 2301 1132 2372 scripto
1153 2299 1267 2372 praeire
1287 2298 1403 2372 aliquem
1422 2314 1527 2354 rauran-

176 2409 229 2466 qae
249 2391 333 2447 elium
353 2389 489 2448 custodem
510 2389 575 2446 dori
595 2391 641 2465 qni
662 2389 784 2446 attendat
804 2395 875 2460 cet.;
898 2406 1033 2466 quaeque
1055 2407 1073 2448 5
1092 2389 1215 2448 Marinio
1247 2390 1286 2466 (p.
1310 2393 1375 2465 110)
1400 2395 1430 2450 51
1451 2391 1528 2450 Ρ551·

174 2486 239 2544 1555
260 2481 308 2561 (R.
327 2485 369 2542 M.
390 2501 418 2560 p.
443 2482 509 2557 125)
540 2481 666 2542 51155155
697 2483 899 2560 precationum
930 2501 965 2542 ac
996 2484 1185 2543 devotionum
1210 2485 1353 2560 exempla.
1373 2517 1412 2528 -
1431 2485 1529 2546 Annis

177 2583 233 2641 101
256 2580 361 2638 51105
383 2577 511 2638 Arvales
532 2595 590 2638 nou
609 2577 809 2637 immolarunt:
832 2577 978 2638 sacrificia
999 2587 1097 2640 autem
1119 2595 1184 2636 cum
1205 2595 1263 2637 non
1283 2579 1386 2639 fierent
1414 2597 1451 2641 ea
1481 2581 1528 2642 die

177 2676 236 2736 uisi
255 2680 389 2734 votorum
409 2673 616 2732 solvendorum
637 2691 737 2747 causa,
757 2674 831 2733 baec
852 2673 988 2736 videntur
1003 2681 1062 2734 tum
1078 2675 1175 2733 solute
1189 2691 1246 2732 non
1260 2689 1337 2749 esse,
1352 2693 1529 2754 quamquam

176 2789 215 2829 ex
237 2769 363 2830 formula
382 2773 524 2828 consuetu
544 2767 582 2827 ad
610 2768 753 2828 solvenda
782 2775 852 2827 5515
882 2768 1052 2828 sacerdotes
1074 2767 1211 2828 dicautur
1239 2771 1422 2830 convenisse.
1462 2771 1528 2832 Nec

177 2863 324 2924 sacrificia
342 2863 394 2923 illa
413 2863 559 2940 quomodo
581 2863 773 2940 praetermitti
793 2866 952 2940 potuerint,
973 2862 1107 2940 equidem
1128 2863 1285 2940 perspicio,
1307 2864 1363 2922 nisi
1390 2865 1463 2926 sorte
1485 2867 1527 2927 di·

177 2957 305 3018 cendum
325 2965 372 3018 est
392 2958 568 3018 translatam
587 2958 616 3016 io
637 2975 744 3018 anuum
765 2966 934 3036 sequentem
955 2967 1091 3020 votorum
1112 2957 1285 3016 solutionem
1306 2960 1344 3018 ob
1365 2961 1528 3022 absentiam

176 3053 320 3131 principis
340 3053 466 3130 proiecti
486 3054 613 3112 tortasse
633 3054 692 3114 ianr
715 3053 753 3114 ad
773 3055 881 3113 bellum
900 3056 991 3114 Dacis
1012 3052 1202 3111 inferendum.
1238 3051 1377 3113 Similiter
1397 3059 1526 3117 555589

176 3149 214 3208 de
236 3149 412 3226 nuncupatis
433 3148 504 3208 solis
525 3149 602 3208 votis
632 3150 736 3224 agitur.
785 3149 936 3227 Tempora
966 3155 1062 3208 autem
1089 3149 1113 3206 si
1132 3147 1299 3224 respexeris
1330 3149 1527 3228 formulasque

175 3244 267 3303 aetati
287 3243 473 3303 Domitianas
499 3244 646 3320 proprias,
672 3245 702 3302 in
728 3243 1197 3320 55115111155555515555515115
1227 3243 1277 3302 515
1308 3243 1446 3303 credibile
1468 3246 1526 3304 vic·

175 3339 265 3398 times
284 3339 450 3398 immolatas
472 3345 663 3415 votorumque
684 3339 857 3399 solntidnem
878 3340 941 3398 siue
963 3357 1054 3400 causa
1074 3339 1189 3396 silentio
1203 3339 1429 3415 praetermissae
1451 3356 1527 3398 esse.

177 3435 243 3492 Iam
265 3451 334 3492 vero
355 3451 430 3511 quae
452 3452 489 3492 ex
510 3434 584 3493 actis
606 3435 674 3492 euni
694 3437 731 3493 89
751 3441 918 3511 supersunt,
949 3452 985 3496 ea
1017 3451 1126 3510 magua
1146 3451 1182 3491 ex
1203 3439 1287 3508 parte
1309 3433 1347 3492 ad
1367 3433 1528 3494 Domitiani

177 3527 397 3606 expeditionem
418 3533 469 3587 aut
490 3527 646 3590 Suebieam
667 3533 697 3587 51
710 3528 903 3589 Sarmaticum
924 3530 1130 3588 autDaciearn
1151 3527 1298 3604 pertinent
1317 3527 1526 3607 victoriamque

176 3623 240 3682 eius
261 3629 290 3681 et
309 3622 433 3683 reditum
456 3626 617 3685 celebrant.
657 3623 744 3683 Aluit
763 3624 852 3700 igitur
872 3624 1069 3700 Domitianus,
1090 3642 1155 3683 cum
1176 3624 1400 3683 5555895515
1429 3642 1527 3684 55555

179 3718 418 3794 conciperentur:
448 3725 481 3778 ut
507 3718 583 3778 5155
614 3735 684 3776 vera
714 3723 775 3776 tum
804 3735 857 3778 uec
888 3725 957 3778 5515
990 3720 1087 3778 551515
1117 3736 1170 3777 555
1195 3718 1330 3777 victimae
1359 3719 1526 3780 immolatae

179 3819 256 3887 aaut,
278 3813 416 3872 absentia
435 3813 577 3890 principis
598 3811 726 3890 bellique
746 3813 907 3889 periculum
928 3811 1064 3873 rideatur
1084 3812 1293 3872 55555151555.
1324 3811 1409 3871 Licet
1429 3821 1526 3874 autem

178 3907 343 3966 5511555551
365 3906 577 3966 89videantur
607 3907 772 3967 confirmari
801 3923 838 3966 ea
867 3923 942 3984 quae
974 3907 1009 3966 de
1030 3906 1114 3966 aunis
1137 3909 1242 3965 10151
1265 3907 1525 3983 105555155155555,

177 4009 277 4062 tamen
297 4019 355 4061 non
376 4001 534 4061 tacendum
554 4008 600 4062 est
619 4001 741 4062 Traiani
761 4001 979 4078 expeditionem
990 4001 1133 4061 Dacicam
1153 4001 1281 4078 priorem
1301 4001 1358 4077 ipsi
1379 4007 1524 4063 5555101

177 4095 277 4171 1511551,
302 4097 423 4156 alteram
457 4115 534 4156 auno
568 4097 683 4156 demum
716 4098 769 4156 105
800 4095 947 4173 inceptam
979 4113 1044 4154 csse
1076 4093 1524 4174 (51.Ε5155516,41451418;

177 4191 339 4250 Mommsen
359 4191 398 4250 ad
420 4191 448 4251 C.
469 4195 496 4250 Ι.
516 4193 552 4251 L.
574 4195 601 4266 3,
621 4189 699 4267 550).
741 4191 1085 4268 051555551555515555
1104 4189 1344 4267 ipsaArvalium
1368 4197 1436 4249 5515
1455 4198 1525 4252 5515

177 4284 263 4344 55515
283 4285 340 4345 11115
361 4287 532 4363 procedito
553 4289 585 4346 et
604 4285 729 4345 51515515
749 4286 871 4347 Traiani
892 4294 1037 4364 concepta
1062 4278 1211 4344 mensibus
1233 4284 1347 4342 demum
1366 4284 1470 4343 Martio
1496 4295 1526 4345 et

178 4379 265 4439 Iunio
286 4387 456 4457 nuncupata
475 4400 550 4457 csse,
572 4399 708 4458 annoque
730 4383 785 4442 105
806 4382 845 4441 ad
865 4388 935 4441 rota
957 4385 1010 4458 plo
1041 4381 1136 4440 reditu
1167 4379 1312 4441 accedunt
1339 4379 1426 4437 etiam
1455 4385 1525 4440 vota

176 4491 232 4550 555
252 4474 295 4534 115
315 4473 435 4536 Traiani
455 4483 614 4554 concepta:
644 4475 722 4536 unde
752 4475 830 4535 haud
861 4477 923 4536 scio
953 4494 993 4536 aa
1020 4493 1086 4534 curn
1106 4475 1206 4553 aliqua
1224 4471 1434 4551 probabilitate
1455 4476 1524 4548 poni

177 4569 273 4644 possit
304 4587 403 4629 mense
435 4570 575 4632 Ianuario
608 4571 725 4631 ineunte
757 4572 964 4648 imperatorem
993 4569 1051 4630 1555
1075 4572 1120 4664 pb
1155 4570 1226 4628 urbe
1255 4568 1372 4628 aluisse.
1418 4567 1523 4628 Possis

177 4662 263 4722 etiam
298 4664 429 4741 cogitare
464 4665 499 4724 de
534 4665 711 4725 caerimonia
744 4665 795 4724 illa
827 4665 945 4742 piaculo
978 4665 1078 4741 aliquo
1111 4665 1274 4740 interrupte
1307 4669 1336 4722 et
1367 4665 1525 4740 propterea

177 4757 288 4816 omissa
328 4757 381 4818 sed
421 4777 516 4837 neque
556 4761 709 4839 probabile
746 4759 776 4818 in
815 4777 921 4819 aunum
961 4763 1130 4836 sequentem
1177 4758 1297 4817 dilatem
1340 4774 1406 4816 esse
1446 4757 1523 4815 5515-

176 4852 285 4911 tionem
319 4861 467 4932 votorum,
504 4875 579 4934 quae
612 4857 705 4934 primo
739 4855 838 4936 551155
873 4861 1005 4934 tempore
1041 4852 1204 4931 repetenda
1236 4858 1312 4927 eret,
1349 4855 1522 4929 praesertim

227 4960 330 5004 55555.
347 4961 412 5003 sor.
1306 4947 1323 5016 7
