3564 5606
494 1542 536 1634 F.
569 1542 908 1638 stssssstttutlo
940 1541 1273 1636 uutututttt.

684 1845 1085 1858 ffl-

281 2069 326 2128 De
342 2066 524 2126 calatorlbus
540 2065 693 2124 Arvalium
710 2065 746 2125 cf.
763 2065 924 2124 Exordium
941 2083 969 2143 p.
989 2064 1053 2124 VII
1073 2082 1133 2141 seq.
1164 2064 1322 2125 Calatores
1344 2065 1477 2139 singulos
1493 2066 1571 2123 vidi·

205 2180 268 2220 tuus
290 2160 456 2218 nominatos
478 2176 543 2216 esse
566 2177 583 2215 a
604 2157 807 2216 sacerdotibus
829 2158 963 2233 siugulis,
984 2161 1090 2235 quibus
1106 2168 1226 2235 praesto
1242 2169 1351 2233 essent,
1372 2168 1404 2217 ut
1418 2159 1571 2218 defunctis

205 2254 341 2331 patronis
357 2253 472 2311 illorum
488 2259 620 2311 cessaret
633 2251 768 2309 osticium.
798 2249 845 2310 Ob
868 2254 1015 2311 introitum
1029 2261 1125 2311 autem
1139 2253 1245 2313 inferre
1261 2254 1410 2312 debebant
1421 2254 1451 2310 in
1467 2271 1570 2311 arcam

206 2349 324 2422 collegii
339 2365 375 2406 ea
390 2345 575 2417 condicione,
598 2353 630 2402 ut
650 2345 673 2402 sl
689 2345 812 2403 calatori
834 2357 948 2404 mortuo
963 2348 1087 2405 aliamve
1109 2348 1146 2404 ob
1169 2365 1291 2406 causam
1313 2348 1387 2406 alius
1407 2348 1571 2407 substitue-

205 2449 293 2514 retur,
315 2451 471 2498 successor
492 2439 588 2497 deuuo
610 2457 645 2496 ue
667 2439 800 2496 interret:
829 2439 942 2498 calator
962 2441 1037 2498 enim
1059 2459 1113 2516 pro
1137 2444 1311 2500 accessione
1333 2449 1445 2500 tantum
1467 2459 1570 2501 sacer·

204 2537 282 2593 dotis
305 2535 478 2593 habebatur.
520 2533 611 2592 Cuius
632 2532 673 2589 rei
694 2532 892 2591 testimonium
913 2541 981 2592 acta
1001 2536 1146 2610 praebent
1165 2534 1236 2591 hoo:

147 2723 152 2730 Ι
206 2641 291 2731 [120]
560 2643 669 2725 ibique
693 2653 763 2708 cunt
792 2642 869 2708 aditi
898 2649 1006 2708 esseut
1033 2644 1149 2709 fratres
1172 2645 1308 2710 Arvales
1331 2664 1351 2708 a
1375 2645 1472 2709 Bittio
1496 2644 1572 2710 Gal-

600 2745 727 2810 listrato
760 2747 890 2810 nomine
918 2746 994 2810 Bitti
1018 2747 1124 2812 Thalli
1156 2747 1307 2812 calatoris
1336 2747 1412 2811 Bitti
1441 2747 1573 2812 Proculi

602 2843 752 2933 [petente]
770 2847 793 2930 1)
816 2855 852 2910 ut
873 2849 902 2911 ei
925 2847 965 2912 ob
992 2848 1154 2914 introitum
1177 2849 1378 2932 redderetur,
1400 2867 1573 2931 quaerere-

600 2955 713 3032 turque
736 2969 778 3014 au
800 2949 936 3031 legitimi
959 2952 1110 3015 calatoris
1125 2952 1196 3016 loco
1213 2949 1380 3018 habendus
1395 2957 1488 3034 esset,
1512 2951 1571 3032 qui

600 3048 798 3138 [innumero
828 3049 1017 3139 calatorlum
1040 3053 1110 3118 sine
1138 3055 1267 3118 introitu
1294 3052 1413 3137 fuerat,
1437 3052 1572 3137 placuit,

602 3172 672 3218 cum
685 3154 809 3218 calator
824 3156 967 3220 accessio
984 3156 1025 3220 sit
1040 3155 1227 3239 sacerdotis,
1251 3153 1351 3221 semel
1371 3153 1412 3219 oh
1437 3151 1572 3240 [luthoi-

602 3261 667 3319 tum
690 3253 802 3319 inferri
825 3252 965 3341 [debera
988 3257 1063 3321 licet
1096 3258 1179 3322 alius
1213 3254 1347 3343 oa]lator
1379 3255 1420 3320 ah
1455 3253 1573 3320 eodem

603 3355 770 3422 sacerdote
792 3357 1044 3423 substitueretur.

499 3451 504 3458 ¹
561 3461 580 3526 ¹)
604 3459 643 3510 ric
665 3461 781 3510 restituit
808 3459 988 3512 Mumruacnur
1011 3461 1174 3512 Staatrrecbt
1198 3463 1221 3525 1,
1245 3461 1310 3524 2833
1335 3459 1458 3531 petentis
1482 3459 1573 3510 minua

608 3539 676 3580 recte
695 3530 764 3580 idem
783 3532 813 3581 ira
830 3529 976 3582 Relationo
993 3549 1018 3596 p.
1039 3530 1080 3590 70,
1100 3533 1134 3599 cf.
1154 3529 1197 3584 lt.

286 3634 396 3693 Bittius
418 3632 580 3704 Proculus,
612 3648 676 3689 cum
707 3631 737 3688 iu
769 3633 926 3708 collegium
957 3640 1114 3708 cooptatus
1147 3641 1236 3704 essct,
1268 3633 1428 3691 calolorem
1459 3631 1573 3688 lecerat

208 3727 343 3786 libertum
357 3723 488 3786 'Rittium
507 3710 660 3796 Thallum,
683 3726 732 3800 qui
753 3728 791 3784 ob
818 3728 978 3800 introitum,
1000 3735 1032 3784 ut
1051 3729 1095 3785 sas
1126 3733 1198 3800 erat,
1229 3727 1256 3784 iu
1287 3744 1387 3786 arcam
1418 3725 1573 3792 intulerat;

210 3837 279 3878 mox
301 3819 410 3878 Thallo
433 3820 627 3878 substituerat
647 3819 781 3876 libertum
803 3822 905 3894 aliurn,
934 3823 983 3897 qui
1009 3839 1066 3879 non
1090 3822 1195 3880 intulit.
1238 3821 1365 3881 Thallus
1387 3829 1482 3878 autem
1504 3835 1571 3877 cum

208 3913 348 3972 defuncto
370 3912 499 3971 Proculo
521 3914 572 3988 (cf.
594 3931 621 3970 a.
639 3915 693 3971 1⁶20
715 3931 739 3972 r.
757 3915 792 3972 21
806 3915 900 3990 seqq.)
921 3932 957 3971 ex
978 3915 1075 3973 officio
1098 3916 1200 3990 exiret,
1222 3914 1387 3990 postularit
1405 3930 1424 3972 a
1444 3911 1572 3986 collegio

208 4023 262 4083 per
283 4005 407 4064 Bittium
433 4005 638 4065 Callistratum
660 4006 851 4064 conlibertum
872 4015 903 4065 ut
926 4026 1055 4080 summa,
1090 4025 1179 4084 quam
1201 4009 1238 4066 oh
1260 4007 1409 4064 introitum
1431 4005 1574 4063 intulerat

201 4101 231 4158 ei
252 4100 504 4160 restitueretur-at>
520 4117 613 4176 eoque
627 4100 845 4175 impenderetur
858 4102 908 4176 qui
923 4101 980 4160 sibi
996 4103 1173 4160 substitutus
1193 4107 1280 4160 esset.
1311 4099 1447 4174 (lollegio
1469 4105 1570 4157 tamen

208 4195 319 4270 placuit
352 4193 441 4252 semel
468 4195 506 4251 oh
533 4194 685 4252 introitum
712 4195 811 4252 inferri
840 4193 961 4267 debere,
989 4195 1151 4254 calatonem
1177 4193 1268 4268 igitur
1292 4193 1484 4252 substitutum
1517 4211 1572 4269 pro

207 4287 340 4362 legitimo
356 4285 526 4345 habendum
547 4303 625 4359 esse,
649 4285 766 4344 etiamsi
788 4303 844 4344 nou
866 4286 1024 4346 intulisset.
1063 4287 1106 4346 cf.
1129 4285 1295 4345 Mommsen
1316 4288 1484 4346 Stoabrectu
1503 4287 1521 4345 l.
1545 4305 1570 4344 o.

207 4381 257 4456 qui
278 4380 392 4438 diverse
414 4379 616 4456 explicaverat
635 4381 665 4437 io
688 4379 840 4438 Relationc
859 4397 888 4454 p.
906 4378 952 4437 tl.
