3592 5598
883 361 1007 420 Pincuia.

619 533 687 600 sive
711 535 773 599 deo
796 536 865 600 sive
888 535 970 600 deae
993 539 1025 602 in
1049 539 1139 603 cuius
1173 537 1272 604 tutela
1307 539 1357 604 hio
1384 537 1474 606 luens
1497 542 1631 606 locusve

661 647 709 702 est
731 657 809 702 oves
832 639 874 702 II.
892 638 915 720 ¹)

619 742 638 804 ¹)
658 759 750 793 rrccmen
769 743 817 794 boc
836 745 959 794 bmierum
978 756 1016 796 eet
1035 745 1087 796 218
1106 745 1167 797 224.

342 845 427 902 Idem
457 846 516 902 lere
547 855 593 901 est
625 845 674 920 qui
696 844 807 904 Genius
840 843 897 902 luci
930 846 974 904 rei
1006 846 1073 918 loci,
1094 859 1124 905 et
1145 847 1260 905 ridetur
1280 848 1367 906 etiam
1388 849 1516 906 conferri
1535 865 1630 924 posse

262 941 328 997 deus
347 941 445 996 tutelae
476 939 520 1014 (C.
542 940 568 995 I.
590 939 629 995 L.
650 941 677 1010 2,
699 940 772 996 3311
794 940 892 1012 4092),
924 939 967 996 vel
990 941 1056 996 derce
1074 942 1172 998 tutelae
1193 941 1295 1000 Germa
1319 942 1373 998 laci
1393 942 1424 1018 (1.
1445 960 1470 999 c.
1491 943 1519 1015 2,
1540 943 1629 1014 3621,

262 1035 312 1092 ubi
333 1034 399 1091 ride
420 1051 456 1090 en
478 1049 553 1108 quae
576 1032 730 1090 adnotavit
751 1031 952 1108 Hnebncrus).
994 1031 1100 1092 Omnia
1122 1035 1189 1092 locu
1209 1052 1370 1111 omnesque
1387 1037 1506 1094 omnino
1528 1054 1576 1093 res
1598 1036 1629 1094 in

262 1129 355 1186 tutela
381 1128 427 1184 dci
449 1125 601 1186 cuiusdam
623 1125 713 1183 luisse
737 1127 810 1185 antis
832 1137 964 1186 constat:
986 1128 1022 1184 cl.
1045 1128 1149 1186 Marini
1171 1147 1198 1203 p.
1221 1125 1285 1186 374.

263 1236 324 1302 183
347 1237 409 1302 218
432 1236 495 1300 224
615 1236 709 1301 Fonti
733 1236 884 1302 verbeces
907 1237 950 1302 II.
967 1235 991 1321 ¹)

615 1339 633 1404 ¹)
654 1353 785 1390 verveces
805 1340 928 1404 n(umero
962 1341 984 1392 11
1006 1341 1066 1402 218,
1087 1340 1528 1406 verbiccee)n(umero)11224.

340 1443 386 1502 Ci.
411 1441 532 1501 Servius
554 1444 592 1498 ad
612 1440 682 1498 Aen.
705 1441 730 1514 l,
752 1443 805 1498 84:
825 1443 916 1500 nultus
936 1447 1005 1500 enim
1019 1447 1087 1518 sora
1107 1462 1163 1500 non
1182 1464 1274 1514 aecem
1303 1445 1463 1503 Frontinus
1490 1447 1524 1502 de
1544 1451 1628 1520 aquis

258 1537 293 1594 4:
307 1539 429 1611 santium
448 1541 581 1593 ‘raemoria
600 1555 660 1592 cum
680 1539 822 1592 sanctitate
843 1537 932 1592 adlruc
953 1546 1026 1593 catat
1046 1547 1070 1592 et
1090 1539 1197 1610 colitur,
1230 1539 1325 1614 deque
1352 1537 1564 1596 Fontinalibus
1597 1555 1627 1595 a.

260 1629 287 1687 d.
320 1629 371 1687 111
403 1629 469 1687 idus
492 1629 639 1688 Octobres
671 1629 828 1686 celebretis
860 1631 1252 1706 (faremonasterium)
1285 1631 1384 1688 Varro
1415 1631 1446 1700 (l.
1470 1631 1487 1688 1.
1509 1633 1536 1702 6,
1559 1633 1623 1704 22);

260 1723 432 1780 Fontanab'a
452 1743 471 1779 a
492 1725 590 1792 Fonte,
611 1723 686 1796 praed
704 1727 728 1778 is
748 1724 804 1778 dies
817 1727 911 1798 seriae
931 1728 1000 1792 eiua,
1032 1725 1067 1779 ab
1097 1742 1127 1780 eo
1156 1736 1210 1780 turn
1242 1735 1267 1780 et
1286 1729 1314 1780 in
1328 1729 1423 1799 sontes
1443 1743 1563 1781 coronas
1581 1729 1628 1780 ia·

259 1821 331 1873 aunt
351 1827 377 1874 et
391 1827 491 1891 puteas
512 1829 653 1886 coronant,
674 1825 703 1873 ct
725 1816 832 1873 Festus
856 1817 896 1892 (p.
919 1819 955 1875 85
978 1835 999 1876 s.
1022 1819 1076 1890 v.):
1098 1817 1262 1874 Fortunalis
1275 1822 1398 1894 saraia-m
1427 1835 1519 1886 saera,
1549 1819 1627 1874 unde

258 1920 282 1966 et
303 1912 409 1967 Ranae
430 1911 586 1968 Fontinalis
603 1921 698 1984 porta.
740 1910 954 1986 inscriptiones
976 1911 1014 1969 nd
1036 1913 1146 1969 cultum
1167 1913 1289 1969 sontium
1312 1912 1494 1986 pertinentes
1526 1911 1625 1968 babes

261 2006 288 2062 C.
311 2006 337 2062 I.
359 2005 394 2062 L.
417 2005 444 2076 2,
465 2007 542 2062 2005
564 2005 654 2075 2694,
686 2005 713 2076 3,
736 2001 806 2076 755,
836 2005 863 2076 6,
887 2007 1038 2063 149--166
1058 2007 1132 2076 4114,
1165 2003 1289 2062 Henzen
1310 2003 1386 2064 5165
1406 2003 1483 2063 5166
1504 2017 1562 2060 eet.
1587 2039 1624 2047 -

256 2103 349 2156 Aram
371 2098 508 2155 Fontano
530 2097 658 2154 dicatam
681 2097 758 2154 edidi
780 2098 809 2154 in
831 2098 998 2155 Annalibus
1022 2097 1153 2156 Instituti
1177 2098 1396 2172 urclreeologici
1414 2097 1486 2155 1866
1509 2113 1537 2171 p.
1557 2097 1625 2156 128.

256 2193 294 2248 cl.
315 2191 467 2266 inscriptio
488 2207 574 2248 sacra
594 2188 732 2248 Fontano
753 2201 782 2247 et
803 2190 957 2250 Fontanae
979 2193 1007 2250 b‘.
1030 2194 1050 2248 I
1081 2193 1114 2248 L.
1136 2193 1164 2264 2,
1187 2193 1257 2267 150.Ι

254 2305 318 2384 ‘183
341 2319 403 2386 218
427 2317 490 2382 224
608 2317 724 2382 Florae
747 2337 825 2383 oves
847 2317 889 2383 II.
908 2318 932 2402 ¹)

611 2421 630 2486 ¹)
651 2421 787 2487 n(umero)
807 2421 985 2476 11218224.

332 2541 377 2602 Ol.
391 2545 462 2616 sart.
484 2541 626 2598 Praeneet.
649 2537 768 2598 111114.
791 2539 870 2597 Mei:
902 2541 994 2596 coelem
1021 2544 1064 2599 die
1085 2544 1160 2600 aedis
1181 2545 1294 2613 Florae,
1319 2561 1388 2617 petae
1418 2544 1496 2600 rebus
1518 2542 1621 2617 stara·

254 2637 345 2694 cendia
360 2645 481 2712 praeest,
501 2635 632 2692 dedicata
652 2644 821 2708 eapropter
841 2634 1006 2692 sterilitatem
1031 2640 1158 2710 srupum,
1189 2646 1218 2694 et
1249 2653 1324 2714 quae
1356 2635 1394 2693 nd
1424 2635 1499 2694 hunc
1520 2637 1621 2694 locum

255 2730 380 2788 adnotat
400 2731 598 2787 Mommsenus
624 2731 652 2784 C.
675 2729 699 2784 Ι.
722 2729 759 2784 L.
783 2730 796 2784 l
819 2745 847 2802 p.
869 2729 933 2785 392.

253 2858 316 2921 224
604 2853 808 2937 Summanlo)
830 2855 945 2938 patri)
970 2856 1151 2942 rerbleces)
1174 2865 1261 2922 atros
1285 2857 1325 2921 11.
1343 2857 1367 2939 1)

612 2958 632 3022 ¹)
652 2977 700 3008 om.
722 2957 773 3008 res
791 2959 851 3011 me.

332 3080 492 3142 Summano
513 3084 592 3136 recte
614 3077 768 3154 perspexit
788 3077 930 3135 Marinius
953 3080 993 3154 (p.
1016 3078 1084 3154 681)
1105 3077 1172 3136 1666
1195 3078 1364 3152 sacrificari,
1384 3079 1465 3155 qnod
1493 3081 1618 3156 expian-

253 3177 308 3235 dae
329 3181 414 3234 crant
434 3173 557 3232 arbores
578 3172 696 3230 fulmine
718 3180 827 3244 tactae,
848 3171 878 3228 id
900 3173 981 3248 quod
1003 3179 1091 3230 noctu
1113 3175 1242 3231 tortasse
1265 3173 1373 3231 iactum
1395 3179 1472 3232 erat:
1493 3173 1618 3232 Romani

250 3271 325 3328 enim
351 3279 460 3338 ueteres,
482 3267 586 3326 scribit
607 3266 790 3342 Augustinus
821 3264 905 3341 (cinit.
928 3268 973 3324 dei
992 3269 1020 3340 4,
1041 3269 1100 3342 23),
1130 3271 1220 3324 tracia
1252 3285 1329 3341 ptem
1352 3264 1540 3338 Summanum,
1571 3274 1618 3326 tari

249 3375 384 3424 nocturna
397 3361 520 3436 suintino
540 3361 701 3430 tribuebant,
721 3363 861 3418 coluerunt
878 3363 967 3436 caepis
987 3381 1068 3435 quam
1089 3363 1193 3431 Iouem,
1214 3360 1253 3416 ad
1273 3379 1350 3434 pane
1377 3361 1479 3420 diurna
1494 3367 1615 3437 pertine·

249 3462 330 3530 bant,·
349 3459 418 3515 item
441 3455 556 3512 Plinius
579 3457 617 3528 (n.
638 3457 663 3512 b.
685 3457 712 3528 2,
736 3455 817 3527 182);
855 3453 1004 3510 Tuscorum
1034 3455 1138 3512 litterae
1157 3473 1252 3512 nonem
1273 3455 1338 3511 deae
1363 3457 1478 3512 enitere
1489 3458 1614 3530 sularina

249 3559 407 3614 euictumant
428 3567 513 3624 eaque
532 3567 586 3605 esse
605 3551 731 3606 undecim
759 3565 896 3623 penarum,
926 3549 1020 3605 Ionem
1050 3551 1120 3604 enirn
1148 3551 1223 3605 trina
1247 3548 1376 3606 tautam.
1418 3550 1538 3606 Romani
1556 3551 1613 3608 duc

249 3659 350 3706 tanam
372 3665 403 3704 eu·
422 3649 456 3701 lia
475 3661 629 3718 seruauere,
649 3645 751 3701 diurna
771 3642 943 3699 attribuentes
967 3644 1044 3710 Ioci,
1063 3651 1197 3698 nocturna
1217 3643 1367 3700 burrrrnano
1395 3651 1466 3714 cet.;
1499 3641 1612 3700 Paulus

248 3743 332 3801 Diae.
354 3741 393 3815 (p.
410 3738 445 3798 lb
466 3736 510 3794 cd.
528 3738 593 3810 bi.):
620 3739 694 3793 elium
709 3737 809 3812 sulpur
829 3737 1008 3810 appellabant
1034 3738 1170 3804 diurnum,
1201 3736 1276 3809 quod
1300 3736 1439 3810 putabunt
1469 3736 1552 3804 Iucia,
1583 3749 1612 3794 ut

246 3845 407 3896 nocturnum
433 3833 584 3900 Summani,
615 3841 645 3888 et
675 3829 785 3886 Festus
816 3833 857 3903 (p.
879 3831 935 3888 229
961 3830 997 3887 ed
1018 3829 1056 3886 M.
1080 3847 1101 3886 s.
1125 3829 1177 3903 v.):
1205 3847 1372 3902 procerarum
1395 3827 1495 3904 sulpur
1515 3831 1611 3904 appel-

247 3932 330 4002 latur,
362 3929 437 4003 quod
465 3929 608 4001 ipnoratur
637 3933 720 3980 noctu
751 3941 788 3979 an
816 3925 935 3980 interdiu
954 3927 989 3980 eit
1011 3926 1128 3998 sactum.
1158 3926 1250 3997 itaque
1272 3924 1336 3980 Inui
1348 3921 1459 3998 sulpuri
1484 3932 1511 3979 et
1528 3929 1611 3981 Sum·

246 4043 327 4081 mano
342 4027 387 4098 sit,
407 4022 482 4094 qnod
500 4021 601 4076 diurna
620 4019 706 4086 louis,
726 4027 860 4074 nocturna
880 4019 1024 4076 baroniani
1037 4017 1155 4092 scripura
1175 4017 1317 4074 babentia.
1360 4015 1436 4073 Inde
1457 4016 1611 4092 explicen-

245 4125 293 4176 tur
312 4135 388 4192 quae
411 4117 439 4172 in
460 4113 553 4172 titulis
576 4117 841 4170 commemorantur
855 4112 955 4186 sulpur
983 4115 1057 4168 dium
1088 4109 1132 4186 (C.
1153 4111 1178 4167 I.
1200 4111 1237 4168 L.
1260 4112 1286 4180 6,
1308 4112 1380 4182 205;
1411 4110 1449 4168 ci.
1469 4111 1498 4184 2,
1519 4111 1611 4182 2421;

246 4209 296 4268 Or.
317 4210 405 4284 utet)
427 4215 456 4266 et
470 4207 571 4282 sulpur
590 4202 785 4281 sumlrnanmn)
807 4205 967 4278 corrditlum)
993 4205 1038 4278 (C.
1060 4205 1086 4262 1.
1119 4205 1155 4262 L.
1187 4205 1214 4276 6,
1238 4205 1321 4278 206).·
1353 4205 1390 4262 ci.
1412 4202 1523 4261 Marini
1544 4203 1562 4260 1.
1585 4222 1610 4261 c.

244 4307 339 4362 Ionan
359 4305 446 4360 alterne
466 4307 644 4359 &carmanum
666 4297 788 4356 exbibet
814 4297 943 4356 Orcllius
966 4299 1048 4356 1216.
1085 4331 1116 4340 --
1147 4297 1192 4355 Dc
1224 4298 1351 4371 imagine
1384 4297 1447 4356 elus
1478 4295 1559 4354 fictili
1581 4297 1611 4354 in

246 4397 368 4470 lastigie
391 4395 473 4454 aedis
492 4393 572 4451 Iovis
594 4393 696 4469 optimi
718 4391 837 4450 maximi
859 4393 958 4468 posite
979 4395 1015 4450 ci.
1034 4391 1141 4450 Cicero
1157 4391 1190 4447 de
1210 4391 1324 4448 dicernat.
1343 4395 1367 4465 l,
1381 4393 1426 4464 10,
1440 4392 1491 4462 163
1514 4390 1611 4466 deque

244 4491 320 4550 aeae
352 4489 414 4547 erus
446 4487 550 4546 Livius
581 4489 628 4561 eo,
659 4489 709 4558 aa
742 4463 828 4545 avb.
851 4489 920 4561 Just.
952 4486 979 4558 e,
1011 4487 1081 4558 rau
1114 4482 1487 4556 brenmulense
1527 4485 1608 4543 suu-

242 4603 325 4641 mana
346 4583 386 4638 ad
405 4586 505 4639 circum
526 4585 672 4639 rrraaimurn
693 4579 799 4653 legitur
822 4578 849 4635 in
863 4581 951 4652 sactis
978 4579 1074 4638 Venus.
1097 4579 1166 4654 Esq.
1190 4580 1271 4636 Aneit.
1293 4577 1330 4635 ud
1351 4575 1419 4636 XII
1441 4577 1468 4636 k.
1491 4577 1548 4636 lul.
1568 4609 1609 4622 -

244 4677 326 4735 Atris
348 4675 472 4733 victimis
505 4675 713 4732 immolabatur
734 4673 789 4729 diis
810 4672 911 4729 inferis
932 4673 1048 4748 diisque
1069 4673 1219 4730 manibus:
1241 4672 1277 4730 cl.
1301 4671 1390 4730 Cenat.
1408 4672 1503 4729 Pisae.
1525 4669 1607 4746 apud

242 4769 383 4827 Orellium
407 4771 476 4825 642:
506 4771 622 4840 miseriae
652 4771 793 4823 mittantur·
823 4767 922 4840 bosque
944 4777 967 4822 el
987 4771 1044 4824 ocis
1065 4769 1121 4822 atri
1143 4767 1237 4840 trputn
1266 4765 1382 4821 eaeruclia
1411 4765 1523 4838 irp'ulatr'
1552 4767 1607 4822 dlis

240 4864 363 4920 matribus
383 4867 437 4919 eius
457 4864 506 4942 [L.
529 4863 667 4933 Caesaris)
687 4870 847 4928 retentantur,
869 4860 905 4916 nd
928 4877 1051 4935 eumque
1081 4861 1178 4918 locum
1199 4857 1337 4917 Norisius
1370 4860 1432 4916 dua
1454 4859 1503 4916 111
1529 4877 1554 4916 6.
1576 4860 1607 4936 5,

241 4959 290 5036 qui
312 4958 349 5014 de
370 4977 406 5015 ca
427 4945 459 5014 re
479 4957 604 5034 plurima
624 4957 799 5030 scriptorum
820 4954 989 5014 testimonia
1009 4954 1141 5030 collegit.
