3592 5598
303 399 343 466 76
796 400 939 458 Sacrificio
956 401 1150 458 anniversaria.

377 573 422 632 De
454 588 540 632 sacro
574 568 785 632 Providentiae
807 575 962 650 Augustae
988 575 1137 634 celebrato
1168 573 1237 632 nihil
1267 573 1345 632 aliud
1376 573 1523 632 novimus:
1553 587 1644 650 neque

299 668 361 727 eius
391 685 443 726 ara
473 668 523 726 ubi
553 667 641 727 luerit
670 675 850 744 compertum
881 675 934 728 est.
975 669 1101 727 Videtur
1129 671 1228 727 tamen
1260 668 1315 728 hoe
1335 686 1453 746 quoque
1474 666 1646 726 sacrificium

299 763 389 822 luisse
410 761 650 836 anniuersarium,
671 760 701 820 id
722 762 802 838 quod
824 762 859 820 de
881 781 965 823 sauro
986 763 1025 823 ad
1045 781 1125 823 aram
1137 763 1226 823 Paeis
1247 763 1326 822 lecto
1346 763 1415 822 Divi
1434 761 1564 838 Augusti
1584 779 1645 820 ver·

301 858 346 916 bis
367 857 395 914 in
418 864 601 915 monumento
623 857 785 932 Aneyrauo
807 861 931 932 constat,
953 857 989 916 de
1011 859 1103 918 altero
1125 866 1192 917 onte
1213 858 1327 934 siguum
1349 857 1408 915 divi
1421 856 1554 933 Augusti
1573 853 1647 915 eelo-

299 952 384 1010 brato
406 950 531 1010 maxime
552 951 705 1028 probabile
725 957 778 1011 est.

376 1046 466 1121 Aeta,
487 1063 562 1123 quaa
583 1046 620 1105 ad
642 1064 728 1106 saera
747 1044 821 1105 haee
841 1045 997 1122 pertinent,
1018 1053 1163 1124 concepta
1183 1055 1250 1107 snut
1269 1048 1322 1121 sie,
1354 1054 1386 1106 ut
1415 1066 1502 1104 anana
1530 1046 1648 1124 quidam

299 1160 358 1201 nou
387 1148 546 1218 repetatur,
578 1141 731 1200 consulum
762 1141 926 1200 nominibus
958 1143 1045 1200 semel
1076 1143 1113 1202 ab
1134 1143 1216 1201 initio
1237 1142 1357 1218 positis,
1388 1143 1445 1198 dier
1473 1147 1572 1200 autem
1593 1139 1650 1198 nisi

298 1237 394 1296 lraeto
414 1235 513 1312 lapide
534 1254 678 1313 nusquam
699 1233 818 1293 deficiat
838 1243 867 1294 et
888 1235 1009 1310 primum
1031 1255 1146 1314 semper
1176 1239 1271 1296 locum
1297 1242 1434 1313 occupet,
1463 1237 1539 1316 loom
1569 1235 1649 1294 deui-

297 1349 353 1408 qua
373 1330 413 1390 ad
433 1329 607 1388 mentionem
629 1348 697 1390 arae
720 1330 764 1387 vel
796 1329 944 1388 simulacri
964 1331 1007 1389 ita
1027 1331 1191 1406 adnotetur,
1213 1337 1356 1407 utsupra
1377 1331 1516 1406 seriptum
1539 1340 1593 1389 ast.
1607 1363 1650 1374 -

296 1427 342 1484 De
361 1429 467 1483 ratione
485 1425 680 1500 aoon’fieiorrim
702 1431 772 1484 uota
792 1431 860 1484 aeta
878 1441 1026 1501 peraeque
1048 1435 1193 1502 concepta
1213 1443 1279 1484 esse
1302 1425 1358 1484 sic:

648 1537 701 1599 ille
722 1535 935 1621 promagister
957 1535 1084 1619 collegii
1108 1537 1239 1602 fratrum
1262 1535 1429 1601 Arvalium
1451 1536 1584 1601 nomina
1605 1539 1652 1600 tot

690 1642 732 1702 ad
754 1661 842 1703 oram
865 1642 951 1702 illam
973 1639 1087 1704 bovem
1109 1645 1240 1719 [marem
1256 1641 1280 1724 ¹)
1301 1638 1490 1718 inmolavitl.

649 1744 668 1810 ¹)
683 1761 735 1812 pro
763 1745 824 1796 bove
850 1745 920 1795 mari
948 1745 994 1810 qui
1018 1745 1167 1795 immolatur
1192 1745 1228 1796 ud
1249 1745 1420 1796 simulacrum
1444 1743 1501 1794 diui
1527 1742 1650 1811 Aequent,

695 1815 872 1884 roerificotom
896 1831 951 1866 ease
974 1829 1086 1866 vaccam
1105 1815 1142 1866 ud
1161 1833 1222 1867 arua
1242 1815 1321 1868 Pario
1340 1825 1364 1866 et
1383 1813 1567 1865 Providentiae
1586 1813 1651 1864 tude

695 1895 805 1948 coartat,
827 1885 897 1953 qaod
916 1885 1013 1937 deabus
1032 1902 1134 1954 semper
1152 1886 1225 1938 boues
1237 1887 1358 1953 feminae
1370 1883 1505 1937 immolari
1521 1884 1650 1936 uolebant.

374 1987 411 2047 In
432 1987 487 2047 fiuo
509 1987 660 2066 adscripta
680 1995 747 2049 sont
766 1989 884 2050 uomina
897 2005 995 2047 eorum
1016 1988 1066 2064 qui
1086 1987 1251 2065 adfuerunt,
1272 2005 1347 2066 quae
1362 1987 1417 2047 uisi
1437 1987 1536 2064 lapide
1551 1987 1646 2046 lraeto

300 2101 445 2160 uunquam
465 2083 581 2142 desunt.

373 2177 468 2238 Sacro
487 2177 560 2238 haee
581 2179 782 2238 anniversaria
801 2177 925 2238 desiisse
953 2177 990 2236 ab
1011 2175 1171 2238 Arvalibus
1197 2179 1342 2239 celebrari
1369 2179 1414 2236 vel
1440 2177 1494 2238 sub
1521 2175 1648 2236 Claudio

298 2275 343 2333 vel
363 2273 417 2332 sub
438 2271 557 2330 Nerone
578 2271 751 2332 antelmius
772 2272 939 2347 ostendunt,
961 2289 1036 2349 quae
1059 2290 1122 2330 eum
1142 2290 1256 2332 mansas
1284 2273 1519 2350 complectantur
1539 2271 1648 2330 Ianua·

298 2370 371 2428 rium
391 2374 421 2427 et
440 2367 582 2444 Aprilem,
603 2367 717 2426 illorum
737 2367 911 2426 mentionem
933 2384 989 2425 nou
1011 2365 1128 2426 laniunt.
