<?xml version="1.0" encoding="UTF-8"?>
<!DOCTYPE html PUBLIC "-//W3C//DTD XHTML 1.0 Transitional//EN"
    "http://www.w3.org/TR/xhtml1/DTD/xhtml1-transitional.dtd">
<html xmlns="http://www.w3.org/1999/xhtml" xml:lang="en" lang="en">
 <head>
  <title>
</title>
<meta http-equiv="Content-Type" content="text/html;charset=utf-8" />
  <meta name='ocr-system' content='tesseract 3.04.00' />
  <meta name='ocr-capabilities' content='ocr_page ocr_carea ocr_par ocr_line ocrx_word'/>
</head>
<body>
  <div class='ocr_page' id='page_1' title='image "./actafratrumarva01henzgoog_0028.png"; bbox 0 0 3644 5592; ppageno 0'>
   <div class='ocr_carea' id='block_1_1' title="bbox 680 308 1556 374">
    <p class='ocr_par' dir='ltr' id='par_1_1' title="bbox 680 308 1556 374">
     <span class='ocr_line' id='line_1_1' title="bbox 680 308 1556 374; baseline -0.001 -10"><span class='ocrx_word' id='word_1_1' title='bbox 680 317 686 328; x_wconf 75' lang='grc'><em>’</em></span> <span class='ocrx_word' id='word_1_2' title='bbox 793 308 953 364; x_wconf 76' lang='lat' dir='ltr'><strong>Exordium.</strong></span> <span class='ocrx_word' id='word_1_3' title='bbox 1511 333 1556 374; x_wconf 77' lang='lat' dir='ltr'>vn</span> 
     </span>
    </p>
   </div>
   <div class='ocr_carea' id='block_1_2' title="bbox 190 459 1558 1690">
    <p class='ocr_par' dir='ltr' id='par_1_2' title="bbox 190 459 1558 1690">
     <span class='ocr_line' id='line_1_2' title="bbox 190 459 1556 568; baseline -0.001 -20"><span class='ocrx_word' id='word_1_4' title='bbox 190 483 302 568; x_wconf 89' lang='lat' dir='ltr'>pueris</span> <span class='ocrx_word' id='word_1_5' title='bbox 331 499 416 548; x_wconf 89' lang='lat' dir='ltr'>anno</span> <span class='ocrx_word' id='word_1_6' title='bbox 447 481 508 545; x_wconf 93' lang='grc'>118</span> <span class='ocrx_word' id='word_1_7' title='bbox 533 480 707 546; x_wconf 88' lang='lat' dir='ltr'>nominatis</span> <span class='ocrx_word' id='word_1_8' title='bbox 735 500 820 546; x_wconf 88' lang='lat' dir='ltr'>anno</span> <span class='ocrx_word' id='word_1_9' title='bbox 852 459 913 546; x_wconf 84' lang='grc'>120</span> <span class='ocrx_word' id='word_1_10' title='bbox 935 501 1016 546; x_wconf 90' lang='lat' dir='ltr'>unns</span> <span class='ocrx_word' id='word_1_11' title='bbox 1039 481 1133 566; x_wconf 89' lang='lat' dir='ltr'>redit,</span> <span class='ocrx_word' id='word_1_12' title='bbox 1165 487 1380 546; x_wconf 83' lang='lat' dir='ltr'>annuentem</span> <span class='ocrx_word' id='word_1_13' title='bbox 1406 481 1466 548; x_wconf 93' lang='grc'>186</span> <span class='ocrx_word' id='word_1_14' title='bbox 1492 483 1556 548; x_wconf 91' lang='lat' dir='ltr'>duo</span> 
     </span>
     <span class='ocr_line' id='line_1_3' title="bbox 190 582 1555 666; baseline -0.001 -16"><span class='ocrx_word' id='word_1_15' title='bbox 190 587 366 650; x_wconf 75' lang='lat' dir='ltr'><strong>laudantur</strong></span> <span class='ocrx_word' id='word_1_16' title='bbox 399 603 439 646; x_wconf 80' lang='lat' dir='ltr'>en</span> <span class='ocrx_word' id='word_1_17' title='bbox 475 590 628 665; x_wconf 89' lang='lat' dir='ltr'>quattuor</span> <span class='ocrx_word' id='word_1_18' title='bbox 660 583 770 666; x_wconf 90' lang='lat' dir='ltr'>pueris</span> <span class='ocrx_word' id='word_1_19' title='bbox 804 603 889 648; x_wconf 79' lang='lat' dir='ltr'>arina</span> <span class='ocrx_word' id='word_1_20' title='bbox 922 585 982 648; x_wconf 89' lang='grc'>183</span> <span class='ocrx_word' id='word_1_21' title='bbox 1011 583 1117 648; x_wconf 87' lang='lat' dir='ltr'>officio</span> <span class='ocrx_word' id='word_1_22' title='bbox 1145 583 1273 648; x_wconf 86' lang='lat' dir='ltr'>functis.</span> <span class='ocrx_word' id='word_1_23' title='bbox 1320 582 1414 660; x_wconf 81' lang='lat' dir='ltr'>Quod</span> <span class='ocrx_word' id='word_1_24' title='bbox 1448 591 1555 650; x_wconf 89' lang='lat' dir='ltr'>autem</span> 
     </span>
     <span class='ocr_line' id='line_1_4' title="bbox 193 685 1557 770; baseline 0.001 -20"><span class='ocrx_word' id='word_1_25' title='bbox 193 687 327 768; x_wconf 89' lang='lat' dir='ltr'>ingenui</span> <span class='ocrx_word' id='word_1_26' title='bbox 355 686 473 752; x_wconf 90' lang='lat' dir='ltr'>debent</span> <span class='ocrx_word' id='word_1_27' title='bbox 500 703 572 750; x_wconf 85' lang='lat' dir='ltr'>esse</span> <span class='ocrx_word' id='word_1_28' title='bbox 593 691 747 768; x_wconf 89' lang='lat' dir='ltr'>patreque</span> <span class='ocrx_word' id='word_1_29' title='bbox 771 691 802 749; x_wconf 88' lang='lat' dir='ltr'>et</span> <span class='ocrx_word' id='word_1_30' title='bbox 823 692 923 750; x_wconf 89' lang='lat' dir='ltr'>matre</span> <span class='ocrx_word' id='word_1_31' title='bbox 946 686 1140 770; x_wconf 89' lang='lat' dir='ltr'>viventibus,</span> <span class='ocrx_word' id='word_1_32' title='bbox 1164 685 1198 750; x_wconf 92' lang='lat' dir='ltr'>id</span> <span class='ocrx_word' id='word_1_33' title='bbox 1222 706 1261 750; x_wconf 85' lang='lat' dir='ltr'>ex</span> <span class='ocrx_word' id='word_1_34' title='bbox 1285 705 1376 752; x_wconf 89' lang='lat' dir='ltr'>soora</span> <span class='ocrx_word' id='word_1_35' title='bbox 1399 689 1557 752; x_wconf 84' lang='lat' dir='ltr'>Romano·</span> 
     </span>
     <span class='ocr_line' id='line_1_5' title="bbox 193 785 1558 872; baseline 0.001 -18"><span class='ocrx_word' id='word_1_36' title='bbox 193 811 262 856; x_wconf 90' lang='lat' dir='ltr'>rum</span> <span class='ocrx_word' id='word_1_37' title='bbox 291 790 358 854; x_wconf 89' lang='lat' dir='ltr'>inre</span> <span class='ocrx_word' id='word_1_38' title='bbox 388 788 567 872; x_wconf 76' lang='lat' dir='ltr'>explicatur</span> <span class='ocrx_word' id='word_1_39' title='bbox 585 785 618 870; x_wconf 89' lang='lat'>¹).</span> <span class='ocrx_word' id='word_1_40' title='bbox 661 788 774 869; x_wconf 89' lang='lat' dir='ltr'>Neque</span> <span class='ocrx_word' id='word_1_41' title='bbox 801 795 908 854; x_wconf 79' lang='lat' dir='ltr'>tarum</span> <span class='ocrx_word' id='word_1_42' title='bbox 936 789 1111 854; x_wconf 90' lang='lat' dir='ltr'>Arvalibns</span> <span class='ocrx_word' id='word_1_43' title='bbox 1145 789 1293 854; x_wconf 88' lang='lat' dir='ltr'>solebant</span> <span class='ocrx_word' id='word_1_44' title='bbox 1328 795 1456 872; x_wconf 86' lang='lat' dir='ltr'>praesto</span> <span class='ocrx_word' id='word_1_45' title='bbox 1487 809 1558 856; x_wconf 87' lang='lat' dir='ltr'>csse</span> 
     </span>
     <span class='ocr_line' id='line_1_6' title="bbox 192 889 1556 976; baseline 0 -20"><span class='ocrx_word' id='word_1_46' title='bbox 192 892 393 956; x_wconf 89' lang='lat' dir='ltr'>camillorum</span> <span class='ocrx_word' id='word_1_47' title='bbox 415 891 526 972; x_wconf 88' lang='lat' dir='ltr'>instar,</span> <span class='ocrx_word' id='word_1_48' title='bbox 551 890 671 973; x_wconf 92' lang='lat' dir='ltr'>quippe</span> <span class='ocrx_word' id='word_1_49' title='bbox 686 891 741 971; x_wconf 92' lang='lat' dir='ltr'>qul</span> <span class='ocrx_word' id='word_1_50' title='bbox 758 892 791 954; x_wconf 90' lang='lat' dir='ltr'>in</span> <span class='ocrx_word' id='word_1_51' title='bbox 808 890 887 974; x_wconf 89' lang='lat' dir='ltr'>ipsis</span> <span class='ocrx_word' id='word_1_52' title='bbox 909 889 1075 954; x_wconf 87' lang='lat' dir='ltr'>sacrificiis</span> <span class='ocrx_word' id='word_1_53' title='bbox 1097 889 1211 955; x_wconf 90' lang='lat' dir='ltr'>deesse</span> <span class='ocrx_word' id='word_1_54' title='bbox 1234 911 1298 954; x_wconf 90' lang='lat' dir='ltr'>non</span> <span class='ocrx_word' id='word_1_55' title='bbox 1321 899 1463 975; x_wconf 79' lang='lat' dir='ltr'><strong>possent,</strong></span> <span class='ocrx_word' id='word_1_56' title='bbox 1487 913 1556 976; x_wconf 89' lang='lat' dir='ltr'>nec,</span> 
     </span>
     <span class='ocr_line' id='line_1_7' title="bbox 193 992 1557 1076; baseline 0 -18"><span class='ocrx_word' id='word_1_57' title='bbox 193 1001 229 1058; x_wconf 89' lang='lat' dir='ltr'>nt</span> <span class='ocrx_word' id='word_1_58' title='bbox 255 993 360 1076; x_wconf 88' lang='lat' dir='ltr'>pueri,</span> <span class='ocrx_word' id='word_1_59' title='bbox 391 993 469 1058; x_wconf 88' lang='lat' dir='ltr'>salis</span> <span class='ocrx_word' id='word_1_60' title='bbox 498 993 653 1056; x_wconf 89' lang='lat' dir='ltr'>interesse</span> <span class='ocrx_word' id='word_1_61' title='bbox 680 992 797 1075; x_wconf 82' lang='lat' dir='ltr'>epmis,</span> <span class='ocrx_word' id='word_1_62' title='bbox 826 993 899 1076; x_wconf 90' lang='lat' dir='ltr'>sed,</span> <span class='ocrx_word' id='word_1_63' title='bbox 930 999 965 1056; x_wconf 90' lang='lat' dir='ltr'>nt</span> <span class='ocrx_word' id='word_1_64' title='bbox 992 1013 1032 1056; x_wconf 88' lang='lat' dir='ltr'>cx</span> <span class='ocrx_word' id='word_1_65' title='bbox 1061 1013 1149 1058; x_wconf 90' lang='lat' dir='ltr'>more</span> <span class='ocrx_word' id='word_1_66' title='bbox 1178 999 1303 1059; x_wconf 89' lang='lat' dir='ltr'>vetusto</span> <span class='ocrx_word' id='word_1_67' title='bbox 1334 993 1557 1058; x_wconf 83' lang='lat' dir='ltr'>filiifamilias</span> 
     </span>
     <span class='ocr_line' id='line_1_8' title="bbox 192 1093 1557 1178; baseline 0 -20"><span class='ocrx_word' id='word_1_68' title='bbox 192 1103 318 1178; x_wconf 87' lang='lat' dir='ltr'>patrem</span> <span class='ocrx_word' id='word_1_69' title='bbox 342 1094 576 1158; x_wconf 78' lang='lat' dir='ltr'>comitabantur</span> <span class='ocrx_word' id='word_1_70' title='bbox 591 1113 654 1157; x_wconf 90' lang='lat' dir='ltr'>non</span> <span class='ocrx_word' id='word_1_71' title='bbox 671 1093 775 1158; x_wconf 87' lang='lat' dir='ltr'>solum</span> <span class='ocrx_word' id='word_1_72' title='bbox 798 1113 868 1156; x_wconf 90' lang='lat' dir='ltr'>cnm</span> <span class='ocrx_word' id='word_1_73' title='bbox 891 1095 924 1158; x_wconf 92' lang='lat' dir='ltr'>in</span> <span class='ocrx_word' id='word_1_74' title='bbox 946 1101 1103 1178; x_wconf 88' lang='lat' dir='ltr'>senatum,</span> <span class='ocrx_word' id='word_1_75' title='bbox 1127 1097 1184 1160; x_wconf 86' lang='lat' dir='ltr'>sed</span> <span class='ocrx_word' id='word_1_76' title='bbox 1201 1097 1297 1162; x_wconf 87' lang='lat' dir='ltr'>etiam</span> <span class='ocrx_word' id='word_1_77' title='bbox 1314 1116 1385 1160; x_wconf 89' lang='lat' dir='ltr'>oum</span> <span class='ocrx_word' id='word_1_78' title='bbox 1403 1096 1557 1161; x_wconf 86' lang='lat' dir='ltr'>invitatus</span> 
     </span>
     <span class='ocr_line' id='line_1_9' title="bbox 193 1195 1556 1281; baseline 0 -19"><span class='ocrx_word' id='word_1_79' title='bbox 193 1197 236 1262; x_wconf 90' lang='lat' dir='ltr'>ad</span> <span class='ocrx_word' id='word_1_80' title='bbox 268 1216 378 1262; x_wconf 84' lang='lat' dir='ltr'>cenam</span> <span class='ocrx_word' id='word_1_81' title='bbox 406 1197 483 1278; x_wconf 90' lang='lat' dir='ltr'>iret,</span> <span class='ocrx_word' id='word_1_82' title='bbox 512 1196 558 1260; x_wconf 90' lang='lat' dir='ltr'>ita</span> <span class='ocrx_word' id='word_1_83' title='bbox 587 1195 791 1278; x_wconf 80' lang='lat' dir='ltr'>epulantibus</span> <span class='ocrx_word' id='word_1_84' title='bbox 819 1195 994 1262; x_wconf 89' lang='lat' dir='ltr'>Arvalibns</span> <span class='ocrx_word' id='word_1_85' title='bbox 1024 1216 1089 1260; x_wconf 93' lang='lat' dir='ltr'>non</span> <span class='ocrx_word' id='word_1_86' title='bbox 1124 1197 1285 1262; x_wconf 90' lang='lat' dir='ltr'>debebant</span> <span class='ocrx_word' id='word_1_87' title='bbox 1319 1198 1432 1262; x_wconf 85' lang='lat' dir='ltr'>deesse</span> <span class='ocrx_word' id='word_1_88' title='bbox 1465 1199 1556 1281; x_wconf 86' lang='lat' dir='ltr'>pueri</span> 
     </span>
     <span class='ocr_line' id='line_1_10' title="bbox 195 1296 1558 1382; baseline 0 -20"><span class='ocrx_word' id='word_1_89' title='bbox 195 1300 266 1364; x_wconf 89' lang='lat' dir='ltr'>sive</span> <span class='ocrx_word' id='word_1_90' title='bbox 290 1298 347 1362; x_wconf 89' lang='lat' dir='ltr'>filii</span> <span class='ocrx_word' id='word_1_91' title='bbox 372 1299 514 1381; x_wconf 90' lang='lat' dir='ltr'>ipsorum</span> <span class='ocrx_word' id='word_1_92' title='bbox 537 1298 606 1362; x_wconf 90' lang='lat' dir='ltr'>sive</span> <span class='ocrx_word' id='word_1_93' title='bbox 629 1299 684 1380; x_wconf 90' lang='lat' dir='ltr'>qui</span> <span class='ocrx_word' id='word_1_94' title='bbox 708 1297 844 1362; x_wconf 90' lang='lat' dir='ltr'>liliorum</span> <span class='ocrx_word' id='word_1_95' title='bbox 869 1296 938 1362; x_wconf 91' lang='lat' dir='ltr'>loco</span> <span class='ocrx_word' id='word_1_96' title='bbox 962 1299 1113 1382; x_wconf 81' lang='lat' dir='ltr'>essent²).</span> <span class='ocrx_word' id='word_1_97' title='bbox 1152 1300 1342 1364; x_wconf 81' lang='lat' dir='ltr'>Sacerdotes</span> <span class='ocrx_word' id='word_1_98' title='bbox 1359 1306 1464 1364; x_wconf 88' lang='lat' dir='ltr'>autern</span> <span class='ocrx_word' id='word_1_99' title='bbox 1481 1300 1558 1364; x_wconf 90' lang='lat' dir='ltr'>duo-</span> 
     </span>
     <span class='ocr_line' id='line_1_11' title="bbox 194 1397 1557 1484; baseline 0.001 -19"><span class='ocrx_word' id='word_1_100' title='bbox 194 1401 299 1466; x_wconf 89' lang='lat' dir='ltr'>decim</span> <span class='ocrx_word' id='word_1_101' title='bbox 327 1421 398 1464; x_wconf 87' lang='lat' dir='ltr'>cum</span> <span class='ocrx_word' id='word_1_102' title='bbox 426 1397 663 1466; x_wconf 81' lang='lat' dir='ltr'>discumberent</span> <span class='ocrx_word' id='word_1_103' title='bbox 694 1399 935 1465; x_wconf 81' lang='lat' dir='ltr'>tricliniaribus.</span> <span class='ocrx_word' id='word_1_104' title='bbox 958 1407 1117 1484; x_wconf 89' lang='lat' dir='ltr'>quattuor,</span> <span class='ocrx_word' id='word_1_105' title='bbox 1157 1401 1295 1482; x_wconf 88' lang='lat' dir='ltr'>singulis</span> <span class='ocrx_word' id='word_1_106' title='bbox 1328 1403 1557 1467; x_wconf 88' lang='lat' dir='ltr'>tricliniaribus</span> 
     </span>
     <span class='ocr_line' id='line_1_12' title="bbox 194 1501 1558 1586; baseline 0.001 -19"><span class='ocrx_word' id='word_1_107' title='bbox 194 1503 314 1584; x_wconf 84' lang='lat' dir='ltr'>singuli</span> <span class='ocrx_word' id='word_1_108' title='bbox 344 1503 434 1584; x_wconf 90' lang='lat' dir='ltr'>pueri</span> <span class='ocrx_word' id='word_1_109' title='bbox 464 1502 614 1566; x_wconf 88' lang='lat' dir='ltr'>destinati</span> <span class='ocrx_word' id='word_1_110' title='bbox 643 1508 734 1566; x_wconf 88' lang='lat' dir='ltr'>erant</span> <span class='ocrx_word' id='word_1_111' title='bbox 760 1501 823 1584; x_wconf 86' lang='lat' dir='ltr'>ipsi</span> <span class='ocrx_word' id='word_1_112' title='bbox 847 1502 1007 1566; x_wconf 82' lang='lat' dir='ltr'>cathedris</span> <span class='ocrx_word' id='word_1_113' title='bbox 1030 1503 1235 1567; x_wconf 90' lang='lat' dir='ltr'>considentes</span> <span class='ocrx_word' id='word_1_114' title='bbox 1250 1503 1285 1586; x_wconf 84' lang='grc'>1).</span> <span class='ocrx_word' id='word_1_115' title='bbox 1331 1503 1558 1568; x_wconf 88' lang='lat' dir='ltr'>Ministrabant</span> 
     </span>
     <span class='ocr_line' id='line_1_13' title="bbox 193 1601 1557 1690; baseline 0.001 -22"><span class='ocrx_word' id='word_1_116' title='bbox 193 1605 290 1672; x_wconf 85' lang='lat' dir='ltr'>etiarn</span> <span class='ocrx_word' id='word_1_117' title='bbox 314 1605 346 1666; x_wconf 93' lang='lat' dir='ltr'>in</span> <span class='ocrx_word' id='word_1_118' title='bbox 368 1601 525 1668; x_wconf 87' lang='lat' dir='ltr'>sacrificio</span> <span class='ocrx_word' id='word_1_119' title='bbox 549 1623 603 1686; x_wconf 89' lang='lat' dir='ltr'>eo,</span> <span class='ocrx_word' id='word_1_120' title='bbox 634 1603 721 1686; x_wconf 91' lang='lat' dir='ltr'>qnod</span> <span class='ocrx_word' id='word_1_121' title='bbox 744 1603 811 1668; x_wconf 92' lang='lat' dir='ltr'>fieri</span> <span class='ocrx_word' id='word_1_122' title='bbox 839 1603 972 1686; x_wconf 85' lang='lat' dir='ltr'>solebat,</span> <span class='ocrx_word' id='word_1_123' title='bbox 1001 1624 1071 1668; x_wconf 91' lang='lat' dir='ltr'>cum</span> <span class='ocrx_word' id='word_1_124' title='bbox 1098 1606 1236 1669; x_wconf 85' lang='lat' dir='ltr'>Arvales</span> <span class='ocrx_word' id='word_1_125' title='bbox 1264 1605 1491 1690; x_wconf 89' lang='lat' dir='ltr'>epulabantur,</span> <span class='ocrx_word' id='word_1_126' title='bbox 1515 1606 1557 1670; x_wconf 92' lang='lat' dir='ltr'>ad</span> 
     </span>
    </p>
   </div>
   <div class='ocr_carea' id='block_1_3' title="bbox 194 1705 1667 1790">
    <p class='ocr_par' dir='ltr' id='par_1_3' title="bbox 194 1705 1667 1790">
     <span class='ocr_line' id='line_1_14' title="bbox 194 1705 1667 1790; baseline -0.001 -18"><span class='ocrx_word' id='word_1_127' title='bbox 194 1728 349 1790; x_wconf 88' lang='lat' dir='ltr'>aramque</span> <span class='ocrx_word' id='word_1_128' title='bbox 376 1706 559 1772; x_wconf 84' lang='lat' dir='ltr'>referebant</span> <span class='ocrx_word' id='word_1_129' title='bbox 586 1705 695 1786; x_wconf 85' lang='lat' dir='ltr'>fruges</span> <span class='ocrx_word' id='word_1_130' title='bbox 723 1706 757 1769; x_wconf 92' lang='lat' dir='ltr'>in</span> <span class='ocrx_word' id='word_1_131' title='bbox 783 1725 895 1770; x_wconf 86' lang='lat' dir='ltr'>mensa</span> <span class='ocrx_word' id='word_1_132' title='bbox 923 1708 1106 1790; x_wconf 88' lang='lat' dir='ltr'>propositas</span> <span class='ocrx_word' id='word_1_133' title='bbox 1119 1708 1155 1790; x_wconf 84' lang='lat'>⁴).</span> <span class='ocrx_word' id='word_1_134' title='bbox 1209 1708 1376 1790; x_wconf 79' lang='lat' dir='ltr'>Sportulas</span> <span class='ocrx_word' id='word_1_135' title='bbox 1407 1707 1555 1790; x_wconf 90' lang='lat' dir='ltr'>deniqne,</span> <span class='ocrx_word' id='word_1_136' title='bbox 1660 1755 1667 1770; x_wconf 89' lang='lat'>.</span> 
     </span>
    </p>
   </div>
   <div class='ocr_carea' id='block_1_4' title="bbox 194 1807 1559 4339">
    <p class='ocr_par' dir='ltr' id='par_1_4' title="bbox 194 1807 1557 1975">
     <span class='ocr_line' id='line_1_15' title="bbox 195 1807 1557 1892; baseline -0.001 -19"><span class='ocrx_word' id='word_1_137' title='bbox 195 1811 271 1874; x_wconf 88' lang='lat' dir='ltr'>licet</span> <span class='ocrx_word' id='word_1_138' title='bbox 293 1810 445 1872; x_wconf 85' lang='lat' dir='ltr'>minorem</span> <span class='ocrx_word' id='word_1_139' title='bbox 467 1807 637 1890; x_wconf 89' lang='lat' dir='ltr'>pecuniam</span> <span class='ocrx_word' id='word_1_140' title='bbox 652 1827 748 1888; x_wconf 88' lang='lat' dir='ltr'>qnam</span> <span class='ocrx_word' id='word_1_141' title='bbox 769 1808 894 1891; x_wconf 82' lang='lat' dir='ltr'>iratres,</span> <span class='ocrx_word' id='word_1_142' title='bbox 920 1809 1030 1892; x_wconf 83' lang='lat' dir='ltr'>stipsi</span> <span class='ocrx_word' id='word_1_143' title='bbox 1053 1810 1262 1892; x_wconf 85' lang='lat' dir='ltr'>accipiebant.</span> <span class='ocrx_word' id='word_1_144' title='bbox 1307 1812 1357 1873; x_wconf 90' lang='lat' dir='ltr'>De</span> <span class='ocrx_word' id='word_1_145' title='bbox 1380 1809 1429 1872; x_wconf 86' lang='lat' dir='ltr'>his</span> <span class='ocrx_word' id='word_1_146' title='bbox 1452 1809 1557 1874; x_wconf 89' lang='lat' dir='ltr'>denuo</span> 
     </span>
     <span class='ocr_line' id='line_1_16' title="bbox 194 1908 822 1975; baseline -0.003 -1"><span class='ocrx_word' id='word_1_147' title='bbox 194 1911 337 1975; x_wconf 87' lang='lat' dir='ltr'>dicemus</span> <span class='ocrx_word' id='word_1_148' title='bbox 360 1909 401 1974; x_wconf 91' lang='lat' dir='ltr'>ad</span> <span class='ocrx_word' id='word_1_149' title='bbox 424 1917 496 1974; x_wconf 89' lang='lat' dir='ltr'>acta</span> <span class='ocrx_word' id='word_1_150' title='bbox 518 1909 602 1972; x_wconf 89' lang='lat' dir='ltr'>sacri</span> <span class='ocrx_word' id='word_1_151' title='bbox 627 1908 708 1974; x_wconf 90' lang='lat' dir='ltr'>deae</span> <span class='ocrx_word' id='word_1_152' title='bbox 729 1909 822 1974; x_wconf 89' lang='lat' dir='ltr'>Diae.</span> 
     </span>
    </p>

    <p class='ocr_par' dir='ltr' id='par_1_5' title="bbox 195 2012 1559 4339">
     <span class='ocr_line' id='line_1_17' title="bbox 280 2012 1556 2096; baseline 0 -18"><span class='ocrx_word' id='word_1_153' title='bbox 280 2015 309 2078; x_wconf 91' lang='grc'>8.</span> <span class='ocrx_word' id='word_1_154' title='bbox 354 2013 492 2078; x_wconf 90' lang='lat' dir='ltr'>Diversa</span> <span class='ocrx_word' id='word_1_155' title='bbox 522 2012 651 2076; x_wconf 92' lang='lat' dir='ltr'>omnino</span> <span class='ocrx_word' id='word_1_156' title='bbox 681 2033 701 2076; x_wconf 89' lang='lat' dir='ltr'>a</span> <span class='ocrx_word' id='word_1_157' title='bbox 728 2018 812 2076; x_wconf 90' lang='lat' dir='ltr'>statu</span> <span class='ocrx_word' id='word_1_158' title='bbox 841 2031 1012 2096; x_wconf 89' lang='lat' dir='ltr'>puerorum</span> <span class='ocrx_word' id='word_1_159' title='bbox 1039 2012 1184 2077; x_wconf 87' lang='lat' dir='ltr'>condicio</span> <span class='ocrx_word' id='word_1_160' title='bbox 1213 2020 1282 2078; x_wconf 89' lang='lat' dir='ltr'>erat</span> <span class='ocrx_word' id='word_1_161' title='bbox 1309 2013 1491 2078; x_wconf 90' lang='lat' dir='ltr'>kalatornm</span> <span class='ocrx_word' id='word_1_162' title='bbox 1524 2019 1556 2078; x_wconf 93' lang='lat' dir='ltr'>et</span> 
     </span>
     <span class='ocr_line' id='line_1_18' title="bbox 196 2114 1557 2200; baseline 0.001 -21"><span class='ocrx_word' id='word_1_163' title='bbox 196 2116 396 2200; x_wconf 90' lang='lat' dir='ltr'>publicorum</span> <span class='ocrx_word' id='word_1_164' title='bbox 419 2115 558 2198; x_wconf 90' lang='lat' dir='ltr'>collegii,</span> <span class='ocrx_word' id='word_1_165' title='bbox 582 2114 637 2196; x_wconf 93' lang='lat' dir='ltr'>qni</span> <span class='ocrx_word' id='word_1_166' title='bbox 660 2134 736 2179; x_wconf 90' lang='lat' dir='ltr'>vere</span> <span class='ocrx_word' id='word_1_167' title='bbox 758 2114 976 2178; x_wconf 89' lang='lat' dir='ltr'>ministrorum</span> <span class='ocrx_word' id='word_1_168' title='bbox 999 2115 1069 2179; x_wconf 90' lang='lat' dir='ltr'>loco</span> <span class='ocrx_word' id='word_1_169' title='bbox 1094 2121 1195 2180; x_wconf 89' lang='lat' dir='ltr'>erant.</span> <span class='ocrx_word' id='word_1_170' title='bbox 1219 2117 1268 2179; x_wconf 86' lang='lat' dir='ltr'>lta</span> <span class='ocrx_word' id='word_1_171' title='bbox 1290 2121 1397 2178; x_wconf 87' lang='lat' dir='ltr'>antem</span> <span class='ocrx_word' id='word_1_172' title='bbox 1418 2115 1501 2178; x_wconf 89' lang='lat' dir='ltr'>inter</span> <span class='ocrx_word' id='word_1_173' title='bbox 1522 2136 1557 2180; x_wconf 91' lang='lat' dir='ltr'>se</span> 
     </span>
     <span class='ocr_line' id='line_1_19' title="bbox 195 2215 1557 2301; baseline 0.001 -20"><span class='ocrx_word' id='word_1_174' title='bbox 195 2217 398 2300; x_wconf 84' lang='lat' dir='ltr'>differebant,</span> <span class='ocrx_word' id='word_1_175' title='bbox 426 2223 460 2280; x_wconf 90' lang='lat' dir='ltr'>nt</span> <span class='ocrx_word' id='word_1_176' title='bbox 487 2216 653 2280; x_wconf 89' lang='lat' dir='ltr'>kalatorcs</span> <span class='ocrx_word' id='word_1_177' title='bbox 681 2216 800 2296; x_wconf 80' lang='lat' dir='ltr'>singuli</span> <span class='ocrx_word' id='word_1_178' title='bbox 829 2215 981 2280; x_wconf 85' lang='lat' dir='ltr'>iratribus</span> <span class='ocrx_word' id='word_1_179' title='bbox 1011 2217 1148 2298; x_wconf 90' lang='lat' dir='ltr'>singulis</span> <span class='ocrx_word' id='word_1_180' title='bbox 1181 2216 1302 2281; x_wconf 86' lang='lat' dir='ltr'>addicti</span> <span class='ocrx_word' id='word_1_181' title='bbox 1330 2218 1371 2282; x_wconf 91' lang='lat' dir='ltr'>ab</span> <span class='ocrx_word' id='word_1_182' title='bbox 1399 2217 1449 2281; x_wconf 91' lang='lat' dir='ltr'>bis</span> <span class='ocrx_word' id='word_1_183' title='bbox 1477 2218 1557 2301; x_wconf 89' lang='lat' dir='ltr'>ipsis</span> 
     </span>
     <span class='ocr_line' id='line_1_20' title="bbox 195 2317 1556 2400; baseline 0 -18"><span class='ocrx_word' id='word_1_184' title='bbox 195 2319 444 2400; x_wconf 86' lang='lat' dir='ltr'>nominarentur,</span> <span class='ocrx_word' id='word_1_185' title='bbox 468 2317 501 2382; x_wconf 90' lang='lat' dir='ltr'>hi</span> <span class='ocrx_word' id='word_1_186' title='bbox 524 2337 601 2383; x_wconf 88' lang='lat' dir='ltr'>vcro</span> <span class='ocrx_word' id='word_1_187' title='bbox 625 2317 752 2400; x_wconf 90' lang='lat' dir='ltr'>publice</span> <span class='ocrx_word' id='word_1_188' title='bbox 775 2317 949 2382; x_wconf 87' lang='lat' dir='ltr'>Arvalibus</span> <span class='ocrx_word' id='word_1_189' title='bbox 966 2319 1122 2400; x_wconf 87' lang='lat' dir='ltr'>assignati</span> <span class='ocrx_word' id='word_1_190' title='bbox 1138 2318 1279 2384; x_wconf 86' lang='lat' dir='ltr'>universi</span> <span class='ocrx_word' id='word_1_191' title='bbox 1296 2319 1424 2400; x_wconf 90' lang='lat' dir='ltr'>collegii</span> <span class='ocrx_word' id='word_1_192' title='bbox 1441 2329 1556 2384; x_wconf 87' lang='lat' dir='ltr'>essent.</span> 
     </span>
     <span class='ocr_line' id='line_1_21' title="bbox 196 2418 1557 2506; baseline 0 -22"><span class='ocrx_word' id='word_1_193' title='bbox 196 2421 238 2484; x_wconf 78' lang='lat' dir='ltr'>lit</span> <span class='ocrx_word' id='word_1_194' title='bbox 265 2420 383 2503; x_wconf 82' lang='lat' dir='ltr'>publici</span> <span class='ocrx_word' id='word_1_195' title='bbox 412 2419 542 2501; x_wconf 90' lang='lat' dir='ltr'>quidem</span> <span class='ocrx_word' id='word_1_196' title='bbox 569 2439 760 2500; x_wconf 88' lang='lat' dir='ltr'>magnorum</span> <span class='ocrx_word' id='word_1_197' title='bbox 788 2418 1039 2484; x_wconf 86' lang='lat' dir='ltr'>sacerdotiorum</span> <span class='ocrx_word' id='word_1_198' title='bbox 1066 2422 1152 2506; x_wconf 89' lang='lat' dir='ltr'>apud</span> <span class='ocrx_word' id='word_1_199' title='bbox 1182 2423 1344 2485; x_wconf 87' lang='lat' dir='ltr'>Romanos</span> <span class='ocrx_word' id='word_1_200' title='bbox 1378 2422 1456 2486; x_wconf 90' lang='lat' dir='ltr'>satis</span> <span class='ocrx_word' id='word_1_201' title='bbox 1490 2421 1557 2485; x_wconf 89' lang='lat' dir='ltr'>noti</span> 
     </span>
     <span class='ocr_line' id='line_1_22' title="bbox 197 2519 1558 2606; baseline 0.001 -20"><span class='ocrx_word' id='word_1_202' title='bbox 197 2528 285 2586; x_wconf 85' lang='lat' dir='ltr'>sunt:</span> <span class='ocrx_word' id='word_1_203' title='bbox 309 2521 456 2586; x_wconf 88' lang='lat' dir='ltr'>novimus</span> <span class='ocrx_word' id='word_1_204' title='bbox 478 2521 733 2604; x_wconf 71' lang='lat' dir='ltr'>enimpublioos</span> <span class='ocrx_word' id='word_1_205' title='bbox 756 2519 950 2605; x_wconf 88' lang='lat' dir='ltr'>pontificum,</span> <span class='ocrx_word' id='word_1_206' title='bbox 967 2541 1134 2606; x_wconf 88' lang='lat' dir='ltr'>augurum,</span> <span class='ocrx_word' id='word_1_207' title='bbox 1151 2522 1440 2605; x_wconf 89' lang='lat' dir='ltr'>quindecimvirum</span> <span class='ocrx_word' id='word_1_208' title='bbox 1456 2523 1558 2588; x_wconf 87' lang='lat' dir='ltr'>sacris</span> 
     </span>
     <span class='ocr_line' id='line_1_23' title="bbox 197 2622 1557 2709; baseline 0 -21"><span class='ocrx_word' id='word_1_209' title='bbox 197 2623 368 2706; x_wconf 79' lang='lat' dir='ltr'>faciundis,</span> <span class='ocrx_word' id='word_1_210' title='bbox 384 2623 613 2707; x_wconf 86' lang='lat' dir='ltr'>septemvirum</span> <span class='ocrx_word' id='word_1_211' title='bbox 630 2623 812 2707; x_wconf 88' lang='lat' dir='ltr'>epulonum,</span> <span class='ocrx_word' id='word_1_212' title='bbox 829 2622 988 2688; x_wconf 88' lang='lat' dir='ltr'>sodalium</span> <span class='ocrx_word' id='word_1_213' title='bbox 1006 2626 1234 2707; x_wconf 84' lang='lat' dir='ltr'>Augustalium</span> <span class='ocrx_word' id='word_1_214' title='bbox 1244 2624 1278 2709; x_wconf 81' lang='grc'>1),</span> <span class='ocrx_word' id='word_1_215' title='bbox 1296 2625 1328 2688; x_wconf 90' lang='lat' dir='ltr'>in</span> <span class='ocrx_word' id='word_1_216' title='bbox 1350 2626 1430 2689; x_wconf 89' lang='lat' dir='ltr'>actis</span> <span class='ocrx_word' id='word_1_217' title='bbox 1452 2631 1557 2689; x_wconf 90' lang='lat' dir='ltr'>autem</span> 
     </span>
     <span class='ocr_line' id='line_1_24' title="bbox 195 2726 1557 2811; baseline -0.001 -21"><span class='ocrx_word' id='word_1_218' title='bbox 195 2726 364 2790; x_wconf 78' lang='lat' dir='ltr'>Arvalium</span> <span class='ocrx_word' id='word_1_219' title='bbox 392 2744 492 2808; x_wconf 88' lang='lat' dir='ltr'>saepe</span> <span class='ocrx_word' id='word_1_220' title='bbox 520 2732 807 2790; x_wconf 89' lang='lat' dir='ltr'>commemorantur</span> <span class='ocrx_word' id='word_1_221' title='bbox 834 2732 865 2790; x_wconf 89' lang='lat' dir='ltr'>et</span> <span class='ocrx_word' id='word_1_222' title='bbox 890 2727 986 2808; x_wconf 89' lang='lat' dir='ltr'>plano</span> <span class='ocrx_word' id='word_1_223' title='bbox 1013 2726 1171 2792; x_wconf 87' lang='lat' dir='ltr'>interdum</span> <span class='ocrx_word' id='word_1_224' title='bbox 1200 2727 1319 2811; x_wconf 90' lang='lat' dir='ltr'>publici</span> <span class='ocrx_word' id='word_1_225' title='bbox 1343 2726 1476 2792; x_wconf 86' lang='lat' dir='ltr'>fratrum</span> <span class='ocrx_word' id='word_1_226' title='bbox 1499 2728 1557 2790; x_wconf 93' lang='lat' dir='ltr'>Ar-</span> 
     </span>
     <span class='ocr_line' id='line_1_25' title="bbox 198 2828 1558 2914; baseline -0.001 -22"><span class='ocrx_word' id='word_1_227' title='bbox 198 2828 321 2892; x_wconf 85' lang='lat' dir='ltr'>valium</span> <span class='ocrx_word' id='word_1_228' title='bbox 349 2828 552 2911; x_wconf 89' lang='lat' dir='ltr'>appellantur</span> <span class='ocrx_word' id='word_1_229' title='bbox 567 2829 600 2910; x_wconf 86' lang='grc'>1).</span> <span class='ocrx_word' id='word_1_230' title='bbox 656 2828 806 2893; x_wconf 84' lang='lat' dir='ltr'>Publicos</span> <span class='ocrx_word' id='word_1_231' title='bbox 833 2848 929 2912; x_wconf 88' lang='lat' dir='ltr'>porro</span> <span class='ocrx_word' id='word_1_232' title='bbox 958 2833 1083 2892; x_wconf 87' lang='lat' dir='ltr'>constat</span> <span class='ocrx_word' id='word_1_233' title='bbox 1116 2831 1239 2893; x_wconf 90' lang='lat' dir='ltr'>nomini</span> <span class='ocrx_word' id='word_1_234' title='bbox 1272 2830 1414 2914; x_wconf 91' lang='lat' dir='ltr'>ipsorum</span> <span class='ocrx_word' id='word_1_235' title='bbox 1448 2828 1558 2894; x_wconf 87' lang='lat' dir='ltr'>servili</span> 
     </span>
     <span class='ocr_line' id='line_1_26' title="bbox 197 2929 1559 3015; baseline 0 -23"><span class='ocrx_word' id='word_1_236' title='bbox 197 2947 377 3011; x_wconf 85' lang='lat' dir='ltr'>cognomen</span> <span class='ocrx_word' id='word_1_237' title='bbox 406 2931 498 3011; x_wconf 89' lang='lat' dir='ltr'>quasi</span> <span class='ocrx_word' id='word_1_238' title='bbox 528 2930 689 3012; x_wconf 85' lang='lat' dir='ltr'>quoddam</span> <span class='ocrx_word' id='word_1_239' title='bbox 713 2929 902 2994; x_wconf 83' lang='lat' dir='ltr'>adiunxisse</span> <span class='ocrx_word' id='word_1_240' title='bbox 925 2951 946 2994; x_wconf 91' lang='lat' dir='ltr'>a</span> <span class='ocrx_word' id='word_1_241' title='bbox 971 2931 1109 3014; x_wconf 81' lang='lat' dir='ltr'>nomine,</span> <span class='ocrx_word' id='word_1_242' title='bbox 1138 2937 1173 2996; x_wconf 91' lang='lat' dir='ltr'>ut</span> <span class='ocrx_word' id='word_1_243' title='bbox 1195 2931 1331 3015; x_wconf 90' lang='lat' dir='ltr'>videtur,</span> <span class='ocrx_word' id='word_1_244' title='bbox 1357 2931 1559 3013; x_wconf 84' lang='lat' dir='ltr'>dcsumptum</span> 
     </span>
     <span class='ocr_line' id='line_1_27' title="bbox 198 3032 1557 3115; baseline -0.001 -20"><span class='ocrx_word' id='word_1_245' title='bbox 198 3032 342 3096; x_wconf 86' lang='lat' dir='ltr'>familiae</span> <span class='ocrx_word' id='word_1_246' title='bbox 364 3032 532 3096; x_wconf 86' lang='lat' dir='ltr'>cuiusdam</span> <span class='ocrx_word' id='word_1_247' title='bbox 554 3032 682 3097; x_wconf 91' lang='lat' dir='ltr'>nabilis.</span> <span class='ocrx_word' id='word_1_248' title='bbox 728 3032 892 3097; x_wconf 89' lang='lat' dir='ltr'>Habemus</span> <span class='ocrx_word' id='word_1_249' title='bbox 914 3033 1055 3112; x_wconf 84' lang='lat' dir='ltr'>publicos</span> <span class='ocrx_word' id='word_1_250' title='bbox 1083 3034 1280 3100; x_wconf 83' lang='lat' dir='ltr'>Valerianum</span> <span class='ocrx_word' id='word_1_251' title='bbox 1302 3053 1323 3096; x_wconf 90' lang='lat' dir='ltr'>a</span> <span class='ocrx_word' id='word_1_252' title='bbox 1336 3037 1482 3096; x_wconf 84' lang='lat' dir='ltr'>sacrario</span> <span class='ocrx_word' id='word_1_253' title='bbox 1498 3033 1557 3115; x_wconf 78' lang='lat' dir='ltr'>(rc.</span> 
     </span>
     <span class='ocr_line' id='line_1_28' title="bbox 197 3133 1556 3220; baseline 0.001 -24"><span class='ocrx_word' id='word_1_254' title='bbox 197 3133 274 3198; x_wconf 88' lang='lat' dir='ltr'>Divi</span> <span class='ocrx_word' id='word_1_255' title='bbox 296 3133 451 3216; x_wconf 83' lang='lat' dir='ltr'>Augusti)</span> <span class='ocrx_word' id='word_1_256' title='bbox 475 3133 531 3199; x_wconf 88' lang='lat' dir='ltr'>vel</span> <span class='ocrx_word' id='word_1_257' title='bbox 551 3135 714 3198; x_wconf 78' lang='lat' dir='ltr'>aeduinum</span> <span class='ocrx_word' id='word_1_258' title='bbox 736 3155 757 3196; x_wconf 90' lang='lat' dir='ltr'>a</span> <span class='ocrx_word' id='word_1_259' title='bbox 777 3139 923 3198; x_wconf 86' lang='lat' dir='ltr'>sacraria</span> <span class='ocrx_word' id='word_1_260' title='bbox 938 3137 1013 3198; x_wconf 82' lang='lat' dir='ltr'>Divi</span> <span class='ocrx_word' id='word_1_261' title='bbox 1030 3137 1161 3216; x_wconf 74' lang='lat' dir='ltr'>Augusti</span> <span class='ocrx_word' id='word_1_262' title='bbox 1177 3137 1322 3220; x_wconf 82' lang='lat' dir='ltr'>(Henuen</span> <span class='ocrx_word' id='word_1_263' title='bbox 1337 3135 1431 3200; x_wconf 93' lang='grc'>6106.</span> <span class='ocrx_word' id='word_1_264' title='bbox 1448 3133 1556 3217; x_wconf 98' lang='grc'>6107),</span> 
     </span>
     <span class='ocr_line' id='line_1_29' title="bbox 196 3235 1557 3324; baseline 0.001 -26"><span class='ocrx_word' id='word_1_265' title='bbox 196 3238 403 3299; x_wconf 79' lang='lat' dir='ltr'>Aemilianum</span> <span class='ocrx_word' id='word_1_266' title='bbox 432 3239 642 3316; x_wconf 79' lang='lat' dir='ltr'>pontificalem</span> <span class='ocrx_word' id='word_1_267' title='bbox 672 3235 753 3320; x_wconf 88' lang='lat' dir='ltr'>(ibd.</span> <span class='ocrx_word' id='word_1_268' title='bbox 788 3237 896 3318; x_wconf 90' lang='grc'>6100),</span> <span class='ocrx_word' id='word_1_269' title='bbox 931 3239 1117 3301; x_wconf 86' lang='lat' dir='ltr'>Asinianum</span> <span class='ocrx_word' id='word_1_270' title='bbox 1146 3237 1418 3324; x_wconf 73' lang='grc' dir='ltr'>0001160000(Οο</span> <span class='ocrx_word' id='word_1_271' title='bbox 1451 3236 1557 3318; x_wconf 89' lang='grc'>1518),</span> 
     </span>
     <span class='ocr_line' id='line_1_30' title="bbox 196 3339 1558 3424; baseline 0 -24"><span class='ocrx_word' id='word_1_272' title='bbox 196 3339 352 3402; x_wconf 82' lang='lat' dir='ltr'>Silianam</span> <span class='ocrx_word' id='word_1_273' title='bbox 374 3359 395 3400; x_wconf 90' lang='lat' dir='ltr'>a</span> <span class='ocrx_word' id='word_1_274' title='bbox 416 3343 518 3402; x_wconf 82' lang='lat' dir='ltr'>saeris</span> <span class='ocrx_word' id='word_1_275' title='bbox 539 3341 695 3403; x_wconf 84' lang='lat' dir='ltr'>sodalium</span> <span class='ocrx_word' id='word_1_276' title='bbox 719 3341 934 3421; x_wconf 69' lang='lat' dir='ltr'>Augustalium</span> <span class='ocrx_word' id='word_1_277' title='bbox 957 3339 1101 3423; x_wconf 84' lang='lat' dir='ltr'>(Henaen</span> <span class='ocrx_word' id='word_1_278' title='bbox 1123 3341 1230 3424; x_wconf 90' lang='grc'>6108),</span> <span class='ocrx_word' id='word_1_279' title='bbox 1253 3343 1446 3404; x_wconf 85' lang='lat' dir='ltr'>Maecianum</span> <span class='ocrx_word' id='word_1_280' title='bbox 1466 3339 1558 3401; x_wconf 84' lang='lat' dir='ltr'>sada·</span> 
     </span>
     <span class='ocr_line' id='line_1_31' title="bbox 198 3440 1557 3526; baseline 0.001 -24"><span class='ocrx_word' id='word_1_281' title='bbox 198 3443 271 3502; x_wconf 83' lang='lat' dir='ltr'>liuiu</span> <span class='ocrx_word' id='word_1_282' title='bbox 300 3442 457 3504; x_wconf 77' lang='lat' dir='ltr'>Titialium</span> <span class='ocrx_word' id='word_1_283' title='bbox 486 3441 566 3524; x_wconf 91' lang='lat' dir='ltr'>(ibd.</span> <span class='ocrx_word' id='word_1_284' title='bbox 594 3440 708 3525; x_wconf 89' lang='grc'>0109),</span> <span class='ocrx_word' id='word_1_285' title='bbox 737 3441 770 3504; x_wconf 93' lang='lat' dir='ltr'>in</span> <span class='ocrx_word' id='word_1_286' title='bbox 797 3440 941 3522; x_wconf 88' lang='lat' dir='ltr'>actisque</span> <span class='ocrx_word' id='word_1_287' title='bbox 968 3442 1136 3506; x_wconf 81' lang='lat' dir='ltr'>Arvalium</span> <span class='ocrx_word' id='word_1_288' title='bbox 1166 3443 1343 3526; x_wconf 91' lang='lat' dir='ltr'>reperimus</span> <span class='ocrx_word' id='word_1_289' title='bbox 1371 3441 1557 3506; x_wconf 86' lang='lat' dir='ltr'>Narcissum</span> 
     </span>
     <span class='ocr_line' id='line_1_32' title="bbox 196 3542 1557 3627; baseline -0.001 -21"><span class='ocrx_word' id='word_1_290' title='bbox 196 3543 383 3608; x_wconf 88' lang='lat' dir='ltr'>Annianum</span> <span class='ocrx_word' id='word_1_291' title='bbox 399 3543 659 3627; x_wconf 83' lang='lat' dir='ltr'>Nymphiumqne</span> <span class='ocrx_word' id='word_1_292' title='bbox 676 3544 899 3608; x_wconf 79' lang='lat' dir='ltr'>Numisianam</span> <span class='ocrx_word' id='word_1_293' title='bbox 923 3564 1007 3608; x_wconf 91' lang='lat' dir='ltr'>anno</span> <span class='ocrx_word' id='word_1_294' title='bbox 1024 3544 1074 3626; x_wconf 90' lang='grc'>87,</span> <span class='ocrx_word' id='word_1_295' title='bbox 1098 3544 1306 3609; x_wconf 86' lang='lat' dir='ltr'>Saturninum</span> <span class='ocrx_word' id='word_1_296' title='bbox 1322 3542 1557 3609; x_wconf 89' lang='lat' dir='ltr'>Venuleianum</span> 
     </span>
     <span class='ocr_line' id='line_1_33' title="bbox 197 3643 1556 3727; baseline 0 -21"><span class='ocrx_word' id='word_1_297' title='bbox 197 3664 283 3708; x_wconf 87' lang='lat' dir='ltr'>anna</span> <span class='ocrx_word' id='word_1_298' title='bbox 310 3645 379 3726; x_wconf 89' lang='lat'>101,</span> <span class='ocrx_word' id='word_1_299' title='bbox 405 3645 582 3710; x_wconf 81' lang='lat' dir='ltr'>Gemellnm</span> <span class='ocrx_word' id='word_1_300' title='bbox 606 3645 832 3710; x_wconf 88' lang='lat' dir='ltr'>Memmiannm</span> <span class='ocrx_word' id='word_1_301' title='bbox 855 3651 887 3710; x_wconf 92' lang='lat' dir='ltr'>et</span> <span class='ocrx_word' id='word_1_302' title='bbox 909 3647 1031 3710; x_wconf 86' lang='lat' dir='ltr'>Iustum</span> <span class='ocrx_word' id='word_1_303' title='bbox 1055 3645 1257 3710; x_wconf 87' lang='lat' dir='ltr'>Bruttianum</span> <span class='ocrx_word' id='word_1_304' title='bbox 1281 3665 1365 3710; x_wconf 92' lang='lat' dir='ltr'>anno</span> <span class='ocrx_word' id='word_1_305' title='bbox 1390 3645 1460 3727; x_wconf 90' lang='grc'>118,</span> <span class='ocrx_word' id='word_1_306' title='bbox 1483 3643 1556 3706; x_wconf 90' lang='lat' dir='ltr'>Car-</span> 
     </span>
     <span class='ocr_line' id='line_1_34' title="bbox 197 3745 1557 3832; baseline -0.001 -22"><span class='ocrx_word' id='word_1_307' title='bbox 197 3765 271 3829; x_wconf 90' lang='lat' dir='ltr'>pum</span> <span class='ocrx_word' id='word_1_308' title='bbox 288 3745 512 3812; x_wconf 86' lang='lat' dir='ltr'>Cornelianum</span> <span class='ocrx_word' id='word_1_309' title='bbox 528 3753 560 3812; x_wconf 89' lang='lat' dir='ltr'>et</span> <span class='ocrx_word' id='word_1_310' title='bbox 574 3747 752 3832; x_wconf 85' lang='lat' dir='ltr'>Epictetum</span> <span class='ocrx_word' id='word_1_311' title='bbox 768 3746 964 3829; x_wconf 91' lang='lat' dir='ltr'>Cuspianum</span> <span class='ocrx_word' id='word_1_312' title='bbox 985 3767 1069 3810; x_wconf 89' lang='lat' dir='ltr'>anno</span> <span class='ocrx_word' id='word_1_313' title='bbox 1089 3748 1158 3831; x_wconf 82' lang='grc'>151),</span> <span class='ocrx_word' id='word_1_314' title='bbox 1175 3748 1314 3813; x_wconf 91' lang='lat' dir='ltr'>Primum</span> <span class='ocrx_word' id='word_1_315' title='bbox 1331 3745 1557 3810; x_wconf 82' lang='lat' dir='ltr'>Cornelianum</span> 
     </span>
     <span class='ocr_line' id='line_1_35' title="bbox 198 3845 1557 3934; baseline 0 -24"><span class='ocrx_word' id='word_1_316' title='bbox 198 3847 292 3911; x_wconf 89' lang='lat' dir='ltr'>annis</span> <span class='ocrx_word' id='word_1_317' title='bbox 315 3848 387 3932; x_wconf 87' lang='grc'>214,</span> <span class='ocrx_word' id='word_1_318' title='bbox 411 3849 482 3933; x_wconf 91' lang='grc'>218,</span> <span class='ocrx_word' id='word_1_319' title='bbox 506 3851 578 3934; x_wconf 91' lang='grc'>220,</span> <span class='ocrx_word' id='word_1_320' title='bbox 601 3850 810 3915; x_wconf 88' lang='lat' dir='ltr'>Arescontem</span> <span class='ocrx_word' id='word_1_321' title='bbox 834 3850 1044 3914; x_wconf 86' lang='lat' dir='ltr'>Manilianum</span> <span class='ocrx_word' id='word_1_322' title='bbox 1067 3871 1152 3914; x_wconf 89' lang='lat' dir='ltr'>anno</span> <span class='ocrx_word' id='word_1_323' title='bbox 1176 3849 1287 3934; x_wconf 86' lang='grc'>2411).</span> <span class='ocrx_word' id='word_1_324' title='bbox 1326 3849 1447 3912; x_wconf 78' lang='grc'>110000</span> <span class='ocrx_word' id='word_1_325' title='bbox 1463 3845 1557 3912; x_wconf 90' lang='lat' dir='ltr'>crede</span> 
     </span>
     <span class='ocr_line' id='line_1_36' title="bbox 196 3949 1558 4035; baseline -0.001 -23"><span class='ocrx_word' id='word_1_326' title='bbox 196 3949 329 4013; x_wconf 90' lang='lat' dir='ltr'>nomina</span> <span class='ocrx_word' id='word_1_327' title='bbox 358 3969 398 4014; x_wconf 89' lang='lat' dir='ltr'>ea</span> <span class='ocrx_word' id='word_1_328' title='bbox 425 3952 563 4016; x_wconf 80' lang='lat' dir='ltr'>traxisse</span> <span class='ocrx_word' id='word_1_329' title='bbox 591 3971 612 4014; x_wconf 91' lang='lat' dir='ltr'>a</span> <span class='ocrx_word' id='word_1_330' title='bbox 633 3951 870 4035; x_wconf 85' lang='lat' dir='ltr'>sacerdotibus,</span> <span class='ocrx_word' id='word_1_331' title='bbox 894 3953 1008 4033; x_wconf 89' lang='lat' dir='ltr'>quibus</span> <span class='ocrx_word' id='word_1_332' title='bbox 1031 3952 1149 4034; x_wconf 90' lang='lat' dir='ltr'>singuli</span> <span class='ocrx_word' id='word_1_333' title='bbox 1173 3951 1294 4016; x_wconf 85' lang='lat' dir='ltr'>addicti</span> <span class='ocrx_word' id='word_1_334' title='bbox 1318 3949 1449 4032; x_wconf 86' lang='lat' dir='ltr'>fuerint;</span> <span class='ocrx_word' id='word_1_335' title='bbox 1483 3968 1558 4012; x_wconf 91' lang='lat' dir='ltr'>nam</span> 
     </span>
     <span class='ocr_line' id='line_1_37' title="bbox 197 4051 1557 4136; baseline -0.001 -22"><span class='ocrx_word' id='word_1_336' title='bbox 197 4053 346 4132; x_wconf 86' lang='lat' dir='ltr'>quamvis</span> <span class='ocrx_word' id='word_1_337' title='bbox 374 4053 475 4117; x_wconf 86' lang='lat' dir='ltr'>multa</span> <span class='ocrx_word' id='word_1_338' title='bbox 501 4054 588 4117; x_wconf 91' lang='lat' dir='ltr'>illius</span> <span class='ocrx_word' id='word_1_339' title='bbox 617 4054 733 4118; x_wconf 87' lang='lat' dir='ltr'>aetatis</span> <span class='ocrx_word' id='word_1_340' title='bbox 763 4054 931 4118; x_wconf 87' lang='lat' dir='ltr'>Arvalium</span> <span class='ocrx_word' id='word_1_341' title='bbox 958 4054 1088 4117; x_wconf 89' lang='lat' dir='ltr'>nomina</span> <span class='ocrx_word' id='word_1_342' title='bbox 1118 4053 1238 4117; x_wconf 86' lang='lat' dir='ltr'>tradita</span> <span class='ocrx_word' id='word_1_343' title='bbox 1264 4051 1493 4136; x_wconf 86' lang='lat' dir='ltr'>acceperimus,</span> <span class='ocrx_word' id='word_1_344' title='bbox 1518 4070 1557 4113; x_wconf 87' lang='lat' dir='ltr'>ex</span> 
     </span>
     <span class='ocr_line' id='line_1_38' title="bbox 198 4152 1558 4240; baseline -0.001 -23"><span class='ocrx_word' id='word_1_345' title='bbox 198 4173 313 4218; x_wconf 89' lang='lat' dir='ltr'>novem</span> <span class='ocrx_word' id='word_1_346' title='bbox 336 4175 417 4237; x_wconf 92' lang='lat' dir='ltr'>quos</span> <span class='ocrx_word' id='word_1_347' title='bbox 440 4155 508 4219; x_wconf 86' lang='lat' dir='ltr'>dixi</span> <span class='ocrx_word' id='word_1_348' title='bbox 531 4155 666 4240; x_wconf 89' lang='lat' dir='ltr'>publicis</span> <span class='ocrx_word' id='word_1_349' title='bbox 689 4156 749 4220; x_wconf 92' lang='lat' dir='ltr'>soli</span> <span class='ocrx_word' id='word_1_350' title='bbox 772 4161 837 4219; x_wconf 88' lang='lat' dir='ltr'>tres</span> <span class='ocrx_word' id='word_1_351' title='bbox 852 4155 894 4219; x_wconf 92' lang='lat' dir='ltr'>ad</span> <span class='ocrx_word' id='word_1_352' title='bbox 912 4155 1048 4219; x_wconf 88' lang='lat' dir='ltr'>Arvales</span> <span class='ocrx_word' id='word_1_353' title='bbox 1064 4153 1156 4218; x_wconf 85' lang='lat' dir='ltr'>nobis</span> <span class='ocrx_word' id='word_1_354' title='bbox 1173 4162 1265 4219; x_wconf 86' lang='lat' dir='ltr'>notos</span> <span class='ocrx_word' id='word_1_355' title='bbox 1281 4153 1430 4219; x_wconf 90' lang='lat' dir='ltr'>videntur</span> <span class='ocrx_word' id='word_1_356' title='bbox 1445 4152 1558 4218; x_wconf 80' lang='lat' dir='ltr'>referri</span> 
     </span>
     <span class='ocr_line' id='line_1_39' title="bbox 200 4254 1556 4339; baseline -0.001 -21"><span class='ocrx_word' id='word_1_357' title='bbox 200 4275 306 4339; x_wconf 84' lang='lat' dir='ltr'>posse,</span> <span class='ocrx_word' id='word_1_358' title='bbox 330 4257 547 4322; x_wconf 85' lang='lat' dir='ltr'>Venuleianus</span> <span class='ocrx_word' id='word_1_359' title='bbox 570 4257 692 4321; x_wconf 89' lang='lat' dir='ltr'>scilicet</span> <span class='ocrx_word' id='word_1_360' title='bbox 715 4263 746 4321; x_wconf 90' lang='lat' dir='ltr'>ct</span> <span class='ocrx_word' id='word_1_361' title='bbox 763 4256 973 4322; x_wconf 83' lang='lat' dir='ltr'>Cornelianus</span> <span class='ocrx_word' id='word_1_362' title='bbox 990 4263 1020 4321; x_wconf 94' lang='lat' dir='ltr'>et</span> <span class='ocrx_word' id='word_1_363' title='bbox 1036 4255 1246 4338; x_wconf 85' lang='lat' dir='ltr'>Manilianas,</span> <span class='ocrx_word' id='word_1_364' title='bbox 1270 4255 1324 4337; x_wconf 90' lang='lat' dir='ltr'>qni</span> <span class='ocrx_word' id='word_1_365' title='bbox 1347 4274 1367 4318; x_wconf 90' lang='lat' dir='ltr'>a</span> <span class='ocrx_word' id='word_1_366' title='bbox 1390 4254 1556 4336; x_wconf 88' lang='lat' dir='ltr'>Venuleio,</span> 
     </span>
    </p>
   </div>
   <div class='ocr_carea' id='block_1_5' title="bbox 199 4390 1560 4990">
    <p class='ocr_par' dir='ltr' id='par_1_6' title="bbox 270 4390 1556 4546">
     <span class='ocr_line' id='line_1_40' title="bbox 273 4390 1556 4465; baseline -0.005 -17"><span class='ocrx_word' id='word_1_367' title='bbox 273 4395 291 4463; x_wconf 87' lang='grc'>1)</span> <span class='ocrx_word' id='word_1_368' title='bbox 311 4395 346 4448; x_wconf 97' lang='grc'>01.</span> <span class='ocrx_word' id='word_1_369' title='bbox 361 4395 523 4465; x_wconf 82' lang='lat' dir='ltr'>Msrqusrdt</span> <span class='ocrx_word' id='word_1_370' title='bbox 536 4396 568 4446; x_wconf 82' lang='lat' dir='ltr'>R.</span> <span class='ocrx_word' id='word_1_371' title='bbox 582 4396 614 4446; x_wconf 82' lang='lat' dir='ltr'>A.</span> <span class='ocrx_word' id='word_1_372' title='bbox 627 4397 645 4449; x_wconf 87' lang='grc'><strong>3</strong></span> <span class='ocrx_word' id='word_1_373' title='bbox 658 4411 685 4464; x_wconf 90' lang='lat' dir='ltr'>p.</span> <span class='ocrx_word' id='word_1_374' title='bbox 699 4395 750 4448; x_wconf 91' lang='grc'>179</span> <span class='ocrx_word' id='word_1_375' title='bbox 761 4409 840 4463; x_wconf 85' lang='lat' dir='ltr'>seqq.</span> <span class='ocrx_word' id='word_1_376' title='bbox 906 4395 970 4448; x_wconf 90' lang='lat' dir='ltr'>lium</span> <span class='ocrx_word' id='word_1_377' title='bbox 990 4394 1212 4448; x_wconf 84' lang='lat' dir='ltr'>commemoratis</span> <span class='ocrx_word' id='word_1_378' title='bbox 1225 4409 1241 4446; x_wconf 83' lang='lat' dir='ltr'>a</span> <span class='ocrx_word' id='word_1_379' title='bbox 1253 4393 1336 4446; x_wconf 89' lang='lat' dir='ltr'>Livio</span> <span class='ocrx_word' id='word_1_380' title='bbox 1349 4393 1392 4456; x_wconf 89' lang='grc'>26,</span> <span class='ocrx_word' id='word_1_381' title='bbox 1406 4393 1439 4446; x_wconf 90' lang='grc'>27</span> <span class='ocrx_word' id='word_1_382' title='bbox 1459 4398 1489 4444; x_wconf 84' lang='grc'>01</span> <span class='ocrx_word' id='word_1_383' title='bbox 1502 4390 1556 4443; x_wconf 80' lang='grc'>’10-</span> 
     </span>
     <span class='ocr_line' id='line_1_41' title="bbox 270 4479 1155 4546; baseline -0.003 -11"><span class='ocrx_word' id='word_1_384' title='bbox 270 4479 290 4546; x_wconf 84' lang='grc'>1)</span> <span class='ocrx_word' id='word_1_385' title='bbox 310 4483 345 4535; x_wconf 90' lang='grc'>01.</span> <span class='ocrx_word' id='word_1_386' title='bbox 369 4483 524 4540; x_wconf 83' lang='lat' dir='ltr'>Mommsen</span> <span class='ocrx_word' id='word_1_387' title='bbox 552 4481 817 4546; x_wconf 66' lang='lat' dir='ltr'>araciunculam,</span> <span class='ocrx_word' id='word_1_388' title='bbox 838 4487 850 4535; x_wconf 85' lang='lat'>1</span> <span class='ocrx_word' id='word_1_389' title='bbox 906 4481 963 4535; x_wconf 89' lang='lat' dir='ltr'>cita</span> <span class='ocrx_word' id='word_1_390' title='bbox 983 4483 1045 4535; x_wconf 77' lang='lat' dir='ltr'>bist.</span> <span class='ocrx_word' id='word_1_391' title='bbox 1066 4483 1090 4546; x_wconf 90' lang='lat'>1,</span> <span class='ocrx_word' id='word_1_392' title='bbox 1110 4481 1155 4536; x_wconf 83' lang='lat'>43.</span> 
     </span>
    </p>

    <p class='ocr_par' dir='ltr' id='par_1_7' title="bbox 199 4566 1560 4901">
     <span class='ocr_line' id='line_1_42' title="bbox 199 4566 1376 4639; baseline -0.005 -15"><span class='ocrx_word' id='word_1_393' title='bbox 199 4585 226 4639; x_wconf 90' lang='lat' dir='ltr'>p.</span> <span class='ocrx_word' id='word_1_394' title='bbox 241 4569 300 4624; x_wconf 91' lang='grc'>172.</span> <span class='ocrx_word' id='word_1_395' title='bbox 976 4571 998 4635; x_wconf 88' lang='grc'>1)</span> <span class='ocrx_word' id='word_1_396' title='bbox 1019 4569 1054 4622; x_wconf 86' lang='grc'>01.</span> <span class='ocrx_word' id='word_1_397' title='bbox 1074 4585 1098 4622; x_wconf 83' lang='lat' dir='ltr'>a.</span> <span class='ocrx_word' id='word_1_398' title='bbox 1119 4567 1170 4622; x_wconf 83' lang='lat'>155</span> <span class='ocrx_word' id='word_1_399' title='bbox 1188 4583 1213 4619; x_wconf 84' lang='lat' dir='ltr'>s.</span> <span class='ocrx_word' id='word_1_400' title='bbox 1234 4567 1267 4620; x_wconf 90' lang='grc'>72</span> <span class='ocrx_word' id='word_1_401' title='bbox 1287 4569 1316 4617; x_wconf 87' lang='lat' dir='ltr'>ot</span> <span class='ocrx_word' id='word_1_402' title='bbox 1335 4566 1376 4620; x_wconf 89' lang='grc'>76.</span> 
     </span>
     <span class='ocr_line' id='line_1_43' title="bbox 270 4651 1560 4726; baseline -0.004 -15"><span class='ocrx_word' id='word_1_403' title='bbox 270 4657 290 4726; x_wconf 84' lang='grc'>1)</span> <span class='ocrx_word' id='word_1_404' title='bbox 311 4658 346 4711; x_wconf 86' lang='grc'>01.</span> <span class='ocrx_word' id='word_1_405' title='bbox 365 4662 429 4712; x_wconf 76' lang='lat' dir='ltr'>acta</span> <span class='ocrx_word' id='word_1_406' title='bbox 448 4657 521 4712; x_wconf 84' lang='lat' dir='ltr'>sacri</span> <span class='ocrx_word' id='word_1_407' title='bbox 541 4657 612 4711; x_wconf 87' lang='lat' dir='ltr'>deae</span> <span class='ocrx_word' id='word_1_408' title='bbox 631 4655 711 4710; x_wconf 88' lang='lat' dir='ltr'>Dine.</span> <span class='ocrx_word' id='word_1_409' title='bbox 974 4657 995 4722; x_wconf 92' lang='grc'>1)</span> <span class='ocrx_word' id='word_1_410' title='bbox 1015 4673 1040 4712; x_wconf 89' lang='lat' dir='ltr'>a.</span> <span class='ocrx_word' id='word_1_411' title='bbox 1058 4657 1092 4712; x_wconf 89' lang='grc'>87</span> <span class='ocrx_word' id='word_1_412' title='bbox 1111 4672 1137 4725; x_wconf 90' lang='lat' dir='ltr'>p.</span> <span class='ocrx_word' id='word_1_413' title='bbox 1150 4655 1177 4719; x_wconf 90' lang='grc'>2,</span> <span class='ocrx_word' id='word_1_414' title='bbox 1191 4655 1233 4708; x_wconf 87' lang='grc'>13.</span> <span class='ocrx_word' id='word_1_415' title='bbox 1247 4653 1292 4716; x_wconf 84' lang='grc'>14;</span> <span class='ocrx_word' id='word_1_416' title='bbox 1312 4653 1361 4706; x_wconf 91' lang='grc'>101</span> <span class='ocrx_word' id='word_1_417' title='bbox 1378 4651 1435 4705; x_wconf 87' lang='lat' dir='ltr'>tab.</span> <span class='ocrx_word' id='word_1_418' title='bbox 1449 4654 1474 4716; x_wconf 92' lang='grc'>2,</span> <span class='ocrx_word' id='word_1_419' title='bbox 1487 4653 1512 4706; x_wconf 91' lang='grc'>5.</span> <span class='ocrx_word' id='word_1_420' title='bbox 1527 4654 1560 4716; x_wconf 87' lang='grc'>6;</span> 
     </span>
     <span class='ocr_line' id='line_1_44' title="bbox 270 4739 1557 4814; baseline -0.003 -16"><span class='ocrx_word' id='word_1_421' title='bbox 270 4747 292 4813; x_wconf 87' lang='lat'>⁴)</span> <span class='ocrx_word' id='word_1_422' title='bbox 311 4745 346 4798; x_wconf 91' lang='grc'>01.</span> <span class='ocrx_word' id='word_1_423' title='bbox 366 4745 478 4800; x_wconf 84' lang='lat' dir='ltr'>ibidem.</span> <span class='ocrx_word' id='word_1_424' title='bbox 904 4746 956 4799; x_wconf 92' lang='grc'>118</span> <span class='ocrx_word' id='word_1_425' title='bbox 966 4761 992 4814; x_wconf 88' lang='lat' dir='ltr'>p.</span> <span class='ocrx_word' id='word_1_426' title='bbox 1005 4745 1031 4808; x_wconf 93' lang='grc'>2,</span> <span class='ocrx_word' id='word_1_427' title='bbox 1044 4745 1079 4798; x_wconf 89' lang='grc'>22</span> <span class='ocrx_word' id='word_1_428' title='bbox 1089 4757 1184 4810; x_wconf 80' lang='grc'>0000.;</span> <span class='ocrx_word' id='word_1_429' title='bbox 1203 4741 1292 4804; x_wconf 83' lang='grc'>2140,</span> <span class='ocrx_word' id='word_1_430' title='bbox 1305 4739 1331 4794; x_wconf 83' lang='lat'>4.</span> <span class='ocrx_word' id='word_1_431' title='bbox 1346 4741 1391 4804; x_wconf 69' lang='lat'>115</span> <span class='ocrx_word' id='word_1_432' title='bbox 1411 4739 1557 4806; x_wconf 65' lang='grc' dir='ltr'>218103ος</span> 
     </span>
     <span class='ocr_line' id='line_1_45' title="bbox 271 4829 1149 4901; baseline 0 -17"><span class='ocrx_word' id='word_1_433' title='bbox 271 4833 293 4899; x_wconf 84' lang='grc'>1)</span> <span class='ocrx_word' id='word_1_434' title='bbox 312 4833 347 4888; x_wconf 93' lang='grc'>01,</span> <span class='ocrx_word' id='word_1_435' title='bbox 366 4831 529 4901; x_wconf 86' lang='lat' dir='ltr'>Marquardt</span> <span class='ocrx_word' id='word_1_436' title='bbox 550 4832 583 4884; x_wconf 87' lang='lat' dir='ltr'>R.</span> <span class='ocrx_word' id='word_1_437' title='bbox 597 4833 629 4886; x_wconf 83' lang='lat' dir='ltr'>A.</span> <span class='ocrx_word' id='word_1_438' title='bbox 648 4832 665 4886; x_wconf 87' lang='grc'>3</span> <span class='ocrx_word' id='word_1_439' title='bbox 684 4847 711 4900; x_wconf 90' lang='lat' dir='ltr'>p.</span> <span class='ocrx_word' id='word_1_440' title='bbox 725 4830 784 4895; x_wconf 80' lang='grc'>174,</span> <span class='ocrx_word' id='word_1_441' title='bbox 804 4831 852 4883; x_wconf 84' lang='grc'>051</span> <span class='ocrx_word' id='word_1_442' title='bbox 904 4833 964 4898; x_wconf 91' lang='grc'>220,</span> <span class='ocrx_word' id='word_1_443' title='bbox 980 4834 1011 4896; x_wconf 84' lang='grc'>8;</span> <span class='ocrx_word' id='word_1_444' title='bbox 1030 4831 1092 4896; x_wconf 91' lang='grc'>241,</span> <span class='ocrx_word' id='word_1_445' title='bbox 1105 4829 1149 4884; x_wconf 88' lang='grc'>23.</span> 
     </span>
    </p>

    <p class='ocr_par' dir='ltr' id='par_1_8' title="bbox 201 4918 852 4990">
     <span class='ocr_line' id='line_1_46' title="bbox 201 4918 852 4990; baseline -0.003 -16"><span class='ocrx_word' id='word_1_446' title='bbox 201 4919 264 4974; x_wconf 87' lang='lat' dir='ltr'>vide</span> <span class='ocrx_word' id='word_1_447' title='bbox 284 4921 367 4975; x_wconf 83' lang='lat' dir='ltr'>etium</span> <span class='ocrx_word' id='word_1_448' title='bbox 395 4919 429 4973; x_wconf 85' lang='lat' dir='ltr'>de</span> <span class='ocrx_word' id='word_1_449' title='bbox 452 4918 573 4990; x_wconf 88' lang='lat' dir='ltr'>publicis</span> <span class='ocrx_word' id='word_1_450' title='bbox 593 4919 728 4988; x_wconf 77' lang='lat' dir='ltr'>virginum</span> <span class='ocrx_word' id='word_1_451' title='bbox 750 4919 852 4974; x_wconf 81' lang='lat' dir='ltr'>Vesta-</span> 
     </span>
    </p>
   </div>
   <div class='ocr_carea' id='block_1_6' title="bbox 0 0 1836 5592">
    <p class='ocr_par' dir='ltr' id='par_1_9' title="bbox 0 0 1836 5592">
     <span class='ocr_line' id='line_1_47' title="bbox 0 0 1836 5592; baseline 0 0"><span class='ocrx_word' id='word_1_452' title='bbox 0 0 1836 5592; x_wconf 95' lang='lat' dir='ltr'> </span> 
     </span>
    </p>
   </div>
  </div>
 </body>
</html>
