3570 5590
888 280 1057 335 Alexander.

782 1264 1090 1360 ALEXANDRI
1119 1267 1160 1358 B.

868 1435 944 1496 anni
964 1435 1081 1497 incerti.

301 1723 1039 1746 ........................
1063 1689 1459 1744 Ι...........

296 1780 413 1860 [ratres
428 1780 560 1844 Arvales
582 1789 653 1844 ante
672 1798 829 1862 pronaum
851 1781 939 1842 aedis
955 1779 1149 1844 Concordiae
1170 1789 1376 1844 conuenerunt
1399 1788 1428 1842 et
1449 1779 1489 1845 rr.
1504 1779 1648 1842 Saunium

342 1884 497 1946 Donatum
517 1885 698 1965 mopistrum
721 1902 861 1946 annuum
883 1885 916 1945 iu
938 1883 1037 1946 locum
1060 1933 1067 1948 .
1093 1931 1099 1945 .
1124 1935 1130 1948 .
1154 1935 1161 1949 .
1187 1931 1195 1948 .
1220 1932 1228 1948 .
1251 1933 1259 1950 .
1281 1933 1288 1950 ,
1313 1933 1320 1950 .
1343 1932 1475 1950 ......
1498 1882 1648 1954 demortui

341 1990 586 2050 nominaverunt.
604 1985 628 2071 ¹)
650 1985 692 2050 M.
716 1985 850 2052 Saenius
872 1987 1016 2050 Donatus
1038 1989 1182 2068 magister
1204 2033 1436 2054 ........
1462 2029 1467 2040 ·
1491 2034 1499 2050 .
1523 2035 1530 2051 .
1556 2032 1565 2049 .
1589 2035 1597 2050 .

341 2140 572 2158 ..........
589 2089 674 2154 diem
696 2085 1688 2173 sacrisindixitqu').........................⁵

342 2241 700 2260 ...............
716 2213 737 2256 x

450 2353 610 2369 .....
637 2299 788 2396 non(as)
816 2295 962 2390 Maius)

296 2416 414 2496 fratres
427 2416 558 2479 Arvales
579 2419 612 2479 in
634 2417 703 2480 luco
727 2415 807 2480 deae
822 2416 905 2482 Diae
927 2415 982 2482 via
1002 2415 1166 2500 Campana
1188 2418 1273 2498 opud
1296 2417 1462 2497 tantidem)
1485 2417 1650 2497 (quintum)

1298 2516 1512 2618 'Qec-unt
1530 2538 1592 2599 per
1613 2517 1650 2578 di.

339 2623 485 2686 Saeuium
507 2623 662 2686 Donatum
683 2623 909 2707 magdunum).
940 2641 1071 2706 operum
1094 2623 1157 2688 luci
1180 2623 1264 2689 sacri
1286 2623 1530 2685 inchoandarum
1554 2639 1651 2683 eausa

340 2876 539 2896 .......
564 2833 694 2894 lustrum
716 2829 856 2894 missum.
890 2828 1039 2894 Prastina
1053 2828 1078 2912 ⁸)
1101 2879 1109 2896 .
1133 2880 1140 2896 .
1165 2879 1172 2896 .
1196 2881 1203 2896 .
1227 2880 1234 2896 .
1260 2881 1267 2897 .
1292 2878 1300 2894 .
1323 2877 1331 2893 .
1356 2877 1363 2894 .
1388 2878 1395 2892 .
1419 2880 1427 2896 .
1452 2879 1459 2894 .
1482 2829 1651 2891 immolauit
1674 2832 1692 2869 ¹⁰

340 2979 824 3000 ................
848 2953 864 2996 s
887 2933 1152 2997 suovetaurilibus
1173 2933 1343 2996 maioribus
1357 2931 1393 3016 ⁴).

296 3121 490 3190 Fragmentum
509 3127 647 3191 repertum
667 3122 828 3176 anno'ldbss
846 3123 873 3174 in
893 3123 1062 3176 coemeterio
1076 3121 1186 3177 Callisti
1205 3121 1277 3174 inter
1293 3121 1353 3174 vies
1365 3121 1483 3192 Appiam
1503 3126 1532 3174 et
1545 3119 1651 3174 Arduu-

619 3209 713 3276 tinam,
732 3209 834 3263 litteris
853 3227 948 3282 parum
968 3209 1049 3279 honis
1068 3211 1133 3265 altis
1152 3209 1217 3264 mill.
1237 3211 1327 3264 6-8.

365 3311 463 3368 Edidit
482 3312 612 3366 deRossi
624 3313 695 3370 Anu.
710 3317 771 3368 icet.
786 3317 859 3368 creti.
879 3317 947 3372 1858
998 3315 1096 3385 Itaque
1121 3331 1182 3368 enm
1206 3313 1387 3383 fragmentum
1411 3313 1526 3385 imperio
1549 3315 1650 3385 Elaga-

296 3418 323 3472 p.
344 3402 377 3456 74
396 3407 426 3454 et
443 3403 499 3454 aeri
519 3400 618 3454 incidit
635 3401 692 3456 ibd.
711 3401 766 3455 tab.
787 3403 830 3456 D:
850 3403 885 3456 de
903 3421 945 3457 re·
998 3401 1057 3456 beli
1080 3401 1164 3454 tribui
1189 3417 1242 3455 non
1267 3417 1352 3472 posse
1376 3401 1517 3467 videatur,
1548 3403 1585 3456 ad
1604 3403 1651 3456 im-

297 3489 438 3542 stituendo
465 3489 620 3557 fragmento
651 3489 805 3560 disputavit
827 3489 844 3546 l.
868 3507 891 3544 c.
920 3509 947 3562 p.
998 3490 1103 3560 perium
1122 3488 1275 3542 Alexandri
1294 3488 1390 3542 referri
1407 3495 1468 3544 tuto
1487 3491 1601 3561 poterin

297 3577 414 3643 74—79,
440 3577 687 3648 supplementaque
713 3577 786 3640 eius.
813 3579 868 3632 etei
893 3595 947 3633 non
1072 3580 1089 3642 ¹)
1109 3584 1194 3648 eaput
1211 3577 1264 3630 hoc
1283 3583 1412 3648 spectare
1431 3593 1485 3632 non
1501 3583 1600 3648 potest
1617 3575 1651 3630 ed

297 3665 388 3718 omnia
406 3669 484 3718 certa
502 3669 574 3730 snut,
593 3665 691 3736 paneis
710 3665 823 3719 mutatis
843 3667 946 3736 recepi.
997 3666 1158 3736 magistrum
1186 3681 1279 3720 menae
1304 3665 1379 3719 Mein
1403 3681 1418 3718 e
1438 3665 1501 3735 lege
1520 3671 1650 3728 creatum,

366 3753 485 3806 Saenius
505 3753 630 3806 Donatus
650 3769 709 3806 cum
729 3752 756 3805 in
776 3753 847 3806 actis
861 3769 945 3807 anno·
998 3769 1059 3808 cnm
1079 3769 1130 3807 nec
1149 3753 1209 3807 dies
1233 3769 1285 3806 nec
1305 3752 1419 3806 termule
1444 3753 1514 3807 eatis
1537 3769 1649 3824 respon·

297 3857 355 3894 rum
382 3842 443 3904 219,
474 3840 534 3904 224,
562 3841 613 3896 231
639 3845 874 3904 commemoretur,
893 3839 947 3894 hoc
999 3841 1090 3896 deant.
1110 3841 1208 3910 Itaque
1219 3841 1338 3910 cogitavi
1349 3840 1384 3894 de
1394 3839 1650 3910 magistrosutiecto

296 3945 406 3999 quoque
431 3928 611 3996 fragmentum
636 3927 671 3980 ad
701 3931 819 3980 aetatem
845 3926 946 3994 Elaga-
999 3928 1027 3981 in
1046 3928 1136 3982 locum
1153 3928 1262 3981 mortni.

295 4015 352 4070 beli
388 4015 431 4068 vel
459 4014 612 4068 Alexandri
641 4013 751 4066 videtur
776 4014 948 4068 referendum
1070 4013 1091 4082 ²)
1110 4014 1221 4068 litterae
1260 4021 1316 4068 tam
1352 4016 1475 4070 incertae
1508 4024 1587 4082 eunt,
1622 4019 1651 4068 ut

296 4119 369 4158 ease.
393 4103 450 4156 Iam
469 4119 534 4155 vero
553 4119 588 4155 ex
605 4101 821 4156 actissnnorum
840 4103 947 4172 imperii
999 4101 1109 4156 dubitet
1134 4101 1267 4166 Rumina,
1304 4105 1393 4156 utrum
1432 4102 1579 4172 legendnm
1615 4103 1650 4156 rit

295 4191 442 4260 Elagabali
461 4191 579 4243 omnium
607 4190 761 4257 fragmenta
789 4197 946 4260 supersunt,
997 4187 1219 4256 INDIXITQV,
1256 4207 1290 4243 an
1325 4189 1562 4246 INDIdeRVnt:
1599 4191 1649 4244 hoc

296 4297 385 4350 eaque
404 4295 494 4350 nsque
514 4279 667 4348 scripturae
683 4277 763 4346 plane
777 4276 949 4348 respondent
999 4277 1101 4347 posito,
1122 4275 1277 4331 addendum
1296 4279 1349 4332 erit
1367 4299 1424 4331 cum
1444 4281 1556 4350 collegis.

296 4367 402 4420 irnetuli
438 4365 472 4418 de
492 4382 546 4436 quo
565 4366 681 4432 egimus,
706 4371 735 4417 et
758 4365 827 4418 locis
846 4364 950 4418 effossa
1071 4365 1092 4431 ³)
1112 4369 1172 4417 erat
1191 4363 1312 4419 tortasse
1331 4367 1523 4437 proruagiater.

295 4459 395 4508 sunta
412 4454 456 4506 vie
477 4454 570 4524 Appia
589 4453 670 4520 longe
690 4451 867 4516 distantibus,
898 4468 950 4506 nec
1070 4452 1092 4516 ⁴)
1112 4458 1261 4522 supersunt
1279 4469 1375 4508 versus
1395 4454 1591 4525 subsequentis
1604 4471 1647 4506 re·

295 4540 440 4611 probabile
471 4541 653 4603 christianos,
682 4556 742 4592 cnm
769 4545 833 4593 aeta
865 4546 948 4592 Arva·
1002 4538 1087 4607 stigia
1105 4539 1239 4608 quaedam
1269 4539 1420 4596 litterarum
1439 4541 1647 4606 dimidiatarum,

295 4627 360 4680 lium
380 4627 414 4680 ad
426 4627 617 4697 contegendos
629 4628 856 4681 coemeteriorum
872 4625 947 4679 locu·
1002 4642 1070 4696 quas
1080 4627 1199 4681 Roscius
1213 4627 1240 4680 in
1253 4628 1372 4694 imagine
1385 4630 1443 4684 aeri
1453 4631 1541 4685 ineisa
1550 4631 1647 4700 signat

296 4714 339 4769 los
377 4713 552 4780 adhiberent,
608 4711 761 4783 fragmenta
804 4713 948 4768 detulisse.
1001 4715 1104 4768 omittit
1122 4715 1149 4767 in
1168 4715 1249 4770 titulo
1268 4717 1406 4774 restituto.
