3644 5592
263 288 295 327 rv
853 263 1013 320 Exordium.

265 449 412 528 receptus
440 445 534 504 esset.
581 437 719 504 Omnino
742 435 802 500 hoo
824 437 997 502 tenendum
1025 444 1074 501 est
1102 438 1313 521 imperatores
1340 457 1450 502 omnes
1482 434 1522 502 ab
1556 437 1627 521 ipso

267 545 467 630 principatus
497 541 586 606 initio
610 540 642 603 in
665 538 726 602 hoo
748 538 884 620 collegio
907 539 1012 602 loeum
1036 539 1199 622 babuisse,
1229 545 1277 622 ut,
1301 539 1327 602 si
1350 539 1435 604 alius
1457 541 1564 605 nullus
1587 539 1628 602 iis

265 653 398 732 pateret,
423 664 522 728 supra
544 661 709 706 numerum
733 641 973 723 adlegerentur3
996 647 1164 724 praeterea
1187 661 1261 704 num
1285 641 1358 706 aliis
1382 662 1509 724 quoque
1531 661 1630 724 supra

265 768 431 814 numerum
453 747 486 810 in
515 765 554 808 eo
584 743 721 824 oollegio
750 743 839 806 locus
869 743 964 807 datas
991 743 1047 825 sit,
1076 741 1209 806 dubium
1237 749 1294 808 ast.
1338 744 1388 808 De
1417 743 1627 828 cooptationis

266 851 389 915 ratione
412 848 453 912 ad
478 853 550 910 aeta
572 844 810 926 cooptationem
834 851 957 926 agetur.

350 951 380 1014 4.
425 949 468 1012 tu
484 948 697 1010 Romanorum
721 945 867 1026 collegiis
888 945 1032 1030 plurimis
1050 946 1081 1028 ¹),
1105 946 1151 1010 ita
1166 947 1340 1012 Annalibus
1361 967 1488 1030 quoque
1510 947 1629 1030 praesi-

267 1055 363 1118 debat
385 1049 540 1131 magister
563 1067 689 1112 annuns
713 1047 815 1110 altero
839 1047 892 1111 die
915 1048 999 1111 sauri
1023 1046 1105 1111 deae
1129 1047 1211 1112 Diae
1234 1067 1344 1112 mense
1367 1049 1453 1112 Maio
1477 1049 1628 1112 celebrati

267 1177 288 1219 a
314 1153 448 1234 oollegis
476 1151 597 1214 eleetos
625 1150 684 1232 ita,
713 1155 748 1212 ut
770 1167 810 1211 ex
833 1149 1057 1214 Saturnalibus
1081 1149 1194 1232 primis
1216 1151 1259 1214 ad
1282 1150 1467 1215 Saturnalia
1488 1151 1630 1214 seeunda

267 1254 451 1338 magisterio
480 1253 667 1332 fungeretur
681 1251 705 1334 ¹)
737 1271 885 1333 annoque
918 1269 1034 1314 nomen
1068 1249 1169 1314 daret.
1222 1251 1284 1328 Qui
1313 1251 1340 1316 si
1376 1252 1408 1316 in
1441 1252 1628 1333 magisterio

268 1362 459 1438 decesserat,
483 1374 587 1418 novus
610 1353 716 1418 statim
740 1353 771 1416 in
796 1353 898 1416 locum
915 1352 986 1418 eius
1003 1352 1157 1433 magister
1172 1351 1402 1436 suftloiabatur,
1420 1373 1506 1418 anno
1522 1359 1628 1418 tamen

267 1479 384 1526 nornen
412 1457 562 1522 manebat
590 1455 733 1535 magistri
763 1454 915 1519 defuncti.
962 1453 1060 1520 Cuius
1087 1453 1132 1517 rei
1164 1455 1346 1538 enenrplum
1373 1461 1445 1520 aeta
1479 1455 1572 1520 anni·
1590 1457 1630 1521 78

269 1559 417 1642 offerunt,
446 1557 563 1640 quibus
591 1557 776 1638 magisterio
807 1557 841 1620 O.
870 1555 980 1620 Saloni
1009 1554 1122 1620 Matidi
1152 1555 1304 1638 Patruini,
1334 1556 1366 1619 in
1402 1556 1493 1621 ouius
1526 1559 1630 1622 looum

269 1661 466 1742 strenesserit,
497 1659 716 1740 magisterium
740 1658 861 1722 obiisse
889 1657 1004 1723 dieitur
1027 1655 1141 1720 eodem
1164 1677 1249 1720 anno
1273 1656 1424 1722 kalendis
1446 1657 1572 1722 Martiis
1595 1660 1630 1722 P.

269 1764 440 1830 Sallustius
453 1762 589 1826 Blaesus
604 1761 638 1843 ³).
675 1762 752 1824 Item
767 1760 915 1823 inlocum
928 1758 1074 1840 magistri
1087 1757 1254 1822 ouiusdam
1267 1756 1425 1822 demortui
1437 1760 1479 1824 M.
1493 1760 1631 1824 Saenius

269 1870 414 1931 Donatus
427 1863 553 1926 videtur
566 1863 718 1928 suffectus
731 1883 802 1927 esse
814 1865 846 1938 ⁴).
885 1861 1086 1940 Quamquam
1099 1865 1205 1924 autem
1216 1858 1396 1924 ordinarios
1408 1861 1581 1942 magistros
1595 1861 1627 1926 in

269 1971 340 2032 lrrro
353 1985 445 2030 sacro
454 1965 588 2028 Arvales
600 1963 817 2042 nominabant,
831 1963 872 2026 ad
885 1960 1109 2026 sufficiendum
1121 1959 1311 2042 magistrum
1324 1961 1357 2023 in
1370 1961 1483 2024 aedem
1497 1961 1631 2028 Conoor·

270 2071 344 2134 diae
360 2068 510 2132 videntur·
525 2066 713 2130 convenisse
724 2065 758 2146 ³).
797 2063 982 2146 Magisterio
999 2062 1120 2144 pluries
1137 2060 1228 2142 fungi
1244 2068 1393 2146 poterant
1408 2063 1555 2146 Arvales,
1572 2084 1632 2128 neo

269 2174 480 2255 imperatores
503 2169 694 2232 recusabant
716 2166 748 2230 id
765 2165 984 2246 magisterium
1000 2164 1024 2246 ⁶)
1047 2163 1212 2246 sacrisque
1227 2163 1387 2228 interdum
1403 2164 1633 2249 praesidebant

270 2273 331 2355 ipsi
346 2271 380 2351 ²).
432 2270 509 2333 Vioe
540 2275 646 2332 antem
678 2268 835 2350 magistri,
864 2267 891 2330 si
922 2265 992 2350 ipse
1019 2265 1132 2330 aberat
1162 2265 1204 2328 ab
1227 2266 1305 2330 urbe
1329 2267 1381 2330 vel
1403 2267 1513 2349 aliquo
1536 2268 1632 2332 medo

270 2375 443 2458 impeditus
466 2378 543 2452 erat,
568 2370 763 2451 fungebatur·
786 2361 932 2450 collega,
947 2367 1001 2451 qui
1025 2369 1059 2432 in
1081 2367 1161 2431 aotis
1185 2366 1300 2432 dieitur
1322 2389 1381 2448 pro
1404 2373 1553 2448 mapirtro
1581 2371 1632 2433 vel

270 2477 484 2557 praerogator,
517 2473 674 2537 interdum
707 2471 802 2535 etiam
836 2491 944 2533 orarem
977 2491 1071 2551 operm
1104 2471 1156 2533 uel
1184 2472 1251 2530 oica
1280 2471 1412 2550 [uergens
1442 2473 1632 2554 rnopistr·i“);

271 2596 375 2657 neque
399 2583 505 2639 tamen
522 2577 548 2638 is
564 2573 748 2639 ordinarius
765 2572 932 2637 Arvalium
948 2572 1158 2653 magistratus
1175 2571 1243 2652 fuit,
1260 2570 1317 2634 sed
1334 2571 1374 2636 ab
1392 2571 1462 2655 ipso
1479 2573 1632 2654 magistro

278 2716 416 2724 -....-—--

345 2783 363 2841 ¹)
384 2780 418 2831 do
438 2779 578 2843 magistris
598 2777 778 2845 collegiorum
791 2778 825 2834 ol.
842 2779 925 2832 index
978 2778 1040 2830 idus
1054 2777 1171 2830 Martias
1186 2776 1254 2829 lieet
1272 2776 1318 2828 bic
1338 2776 1499 2844 magisterio
1519 2777 1630 2830 functus

271 2867 425 2920 Xvol.IfI
449 2864 572 2932 sylloges
593 2865 751 2918 Orellianae
776 2883 853 2919 ama
874 2867 922 2920 ad·
978 2867 1031 2926 sit,
1057 2863 1119 2916 loco
1152 2863 1211 2915 eius
1241 2879 1339 2914 rroman
1368 2863 1474 2916 Vitellii
1504 2864 1530 2916 iu
1560 2863 1631 2916 actis

272 2959 379 3006 auctae.
417 2952 526 3018 Magnis
544 2955 634 3001 autom
649 2951 824 3004 sacerdotum
838 2953 925 3006 eolle-

272 3042 326 3108 giis
352 3039 456 3108 pariter
480 3037 629 3103 magistros
655 3039 810 3106 praefuisse
831 3045 925 3093 osten·

274 3128 341 3178 dunt
362 3124 485 3190 magistri
506 3121 751 3190 quindecimvirum
777 3128 865 3180 saeris
886 3127 925 3179 fa·

274 3211 382 3267 oiundis
408 3211 472 3263 olim
500 3209 570 3270 duo.
601 3211 777 3278 postmodum
804 3213 925 3281 quinqua

274 3301 319 3364 (cf.
342 3299 405 3352 fasti
422 3295 542 3365 Capitol.
563 3295 594 3348 fr.
613 3299 647 3351 39
667 3303 696 3350 et
713 3297 749 3352 40
768 3299 794 3350 io
815 3299 841 3350 C.
858 3300 881 3350 I.
896 3301 926 3350 1..

277 3392 289 3442 1
311 3405 336 3456 p.
351 3386 424 3447 4121,
445 3383 547 3452 quique
569 3399 585 3434 a
603 3383 696 3436 Plinio
716 3385 752 3446 (a.
773 3387 860 3447 128,
882 3387 925 3450 12)

275 3477 505 3526 comunemoratur
544 3471 785 3538 quiadecemvr'rarn
827 3473 927 3540 conlegi

274 3563 409 3628 magister,
423 3573 574 3626 eorumque
586 3557 771 3626 promagister
785 3556 842 3624 (Or.
851 3559 926 3613 1849.

275 3647 370 3708 226313
397 3645 461 3697 itera
488 3643 625 3697 sodalium
652 3643 845 3709 Augustalium
870 3661 926 3697 ma·

275 3734 354 3798 gistri
382 3741 441 3784 tres
470 3731 598 3794 (Henzen
617 3729 705 3792 6046).
743 3733 817 3784 luter
835 3731 926 3800 ponti·

275 3821 343 3872 tioes
369 3825 460 3870 autem
486 3815 549 3868 loco
574 3816 699 3882 magistri
724 3815 777 3870 fuit
800 3819 927 3887 pontifex

277 3905 428 3962 maximus,
457 3902 573 3968 eiusque
601 3901 662 3953 vioe
692 3903 795 3970 agebat
821 3921 928 3973 proma-

277 3994 364 4060 gister
383 3989 627 4047 (barreteam.
646 3990 723 4043 3134.
742 3991 819 4046 3969.
839 3992 928 4052 4376).

347 4079 367 4142 ²)
393 4077 427 4128 of.
454 4079 517 4128 acta
541 4075 575 4127 aa
607 4075 679 4126 diem
713 4075 827 4127 alterum
856 4075 929 4128 sacri

277 4164 347 4216 deae
368 4164 438 4216 Diae
457 4161 632 4232 pertinentia.

347 4249 368 4315 ³)
389 4268 413 4302 a.
431 4251 464 4303 ’18
483 4265 507 4302 v.
520 4251 554 4302 ‘28
565 4265 643 4318 seqq.

348 4337 368 4404 ⁶)
389 4338 423 4390 of.
451 4336 631 4402 fragmentum
658 4337 780 4386 actorum
806 4333 868 4385 anni
890 4333 929 4385 in-

277 4425 345 4478 certi
368 4423 449 4476 Alex.
470 4422 501 4475 B.

349 4511 370 4574 ⁵)
390 4509 463 4561 Alex
494 4507 525 4559 ll.

347 4599 369 4661 ⁸)
390 4595 424 4649 of.
445 4597 509 4646 acta
528 4611 551 4647 a.
570 4597 612 4648 27.
631 4596 672 4649 38.
690 4596 731 4648 66.
746 4597 787 4649 69.
801 4597 843 4650 86.
873 4595 929 4646 ble-

976 2951 1139 3019 inscriptum
1175 2955 1228 3002 est.
1283 2951 1325 3002 At
1367 2950 1456 3019 pridie
1498 2949 1632 3003 kalendas

976 3038 1066 3090 Maias
1107 3035 1241 3103 magister
1274 3042 1504 3089 commemoratur
1533 3037 1632 3098 rrrrllus,

977 3143 1038 3178 oum
1057 3123 1220 3176 interfatus
1249 3121 1360 3190 quidem
1381 3121 1455 3176 Otbo
1475 3129 1562 3184 esset,
1586 3139 1633 3175 na·

978 3227 1031 3282 qua
1047 3217 1138 3264 tamen
1153 3209 1344 3276 magistertum
1359 3209 1461 3262 inisset
1491 3209 1633 3262 Vitellius.

985 3296 1122 3350 Kalendis
1135 3293 1254 3364 danique
1266 3294 1337 3346 Mais
1351 3297 1540 3363 magisterium
1559 3311 1633 3348 oom-

979 3387 1144 3435 memoratur
1155 3381 1274 3436 Vitellii.
1289 3412 1317 3420 —
1331 3381 1413 3434 Auno
1424 3383 1475 3436 145
1485 3383 1522 3434 Μ.
1535 3382 1634 3435 Aelius

979 3468 1111 3522 Aurelius
1138 3469 1244 3522 Caesar
1267 3467 1430 3536 magisterio
1454 3468 1635 3536 fungebatur;

979 3558 1016 3610 af.
1037 3557 1218 3623 fragmentum
1240 3560 1362 3608 actorum
1384 3555 1447 3607 auni
1469 3555 1551 3609 illius.

1049 3644 1070 3708 ⁷)
1095 3644 1129 3698 cf.
1154 3659 1177 3694 a.
1202 3643 1264 3704 aar,
1288 3643 1335 3695 38:
1362 3645 1434 3708 [onte
1459 3644 1529 3694 diem
1560 3641 1635 3694 vm

980 3731 1122 3796 kalendas]
1145 3729 1239 3783 fauiae
1254 3731 1287 3796 [C
1309 3731 1552 3797 caesaraugustae
1567 3733 1632 3781 Ger·

979 3820 1109 3883 manlieua
1128 3821 1253 3885 magister
1274 3819 1380 3884 collegii
1397 3818 1531 3883 fratralm
1550 3817 1634 3866 Arao-

980 3905 1045 3954 fium
1068 3906 1174 3955 nomine
1200 3906 1229 3955 od
1255 3905 1405 3956 memorium
1435 3901 1472 3952 Ti.
1502 3901 1634 3966 Calauria

980 3991 1024 4040 aui
1043 3991 1089 4040 aab
1108 3992 1157 4042 dia
1176 3993 1204 4042 r'n
1223 4009 1274 4042 ora
1292 3989 1483 4057 sensificante]

1051 4075 1072 4142 ⁸)
1092 4078 1127 4130 cf.
1149 4091 1171 4127 a.
1191 4077 1238 4130 87:
1261 4077 1286 4129 C.
1307 4075 1411 4126 Saturius
1433 4073 1562 4124 liberalis
1582 4076 1632 4124 No-

980 4166 1041 4214 nius
1064 4163 1167 4214 Bassus
1184 4165 1277 4230 frater
1303 4162 1412 4212 Arralia
1439 4163 1485 4228 proi
1504 4163 1559 4211 vice
1580 4157 1636 4210 Iule¹

980 4251 1071 4302 Silani
1088 4251 1211 4316 rnopirtri
1216 4250 1381 4318 frangebatur
1401 4253 1437 4316 tp.
1453 4249 1475 4309 l,
1489 4247 1515 4300 3.
1525 4248 1567 4299 23.
1577 4247 1635 4310 53);

981 4339 1028 4402 qui
1039 4339 1093 4388 uice
1103 4338 1223 4404 magistri
1226 4335 1393 4404 sumebatur
1404 4335 1414 4394 f
1417 4349 1441 4401 p.
1455 4335 1478 4394 l,
1491 4333 1537 4394 18;
1557 4334 1582 4392 2,
1594 4333 1635 4385 18.

982 4424 1039 4482 26⁴3
1053 4425 1202 4490 anaqisterio
1217 4423 1243 4474 0.
1260 4422 1318 4473 Iuli
1329 4421 1428 4482 Silani,
1446 4437 1536 4470 curam
1547 4428 1637 4485 aperite

985 4510 1011 4562 (ι’.
1032 4510 1116 4559 Nonio
1138 4509 1224 4560 Basso
1244 4509 1335 4559 Saluio
1349 4505 1469 4557 laborate
1489 4511 1516 4572 (p
1535 4505 1634 4566 2,16);

983 4593 1055 4646 idem
1071 4594 1172 4648 dicitur
1183 4597 1359 4664 pronrapiater
1372 4589 1440 4659 (lbd.
1456 4607 1480 4658 p.
1493 4592 1516 4648 l,
1530 4591 1571 4643 66.
1583 4591 1635 4644 721.

278 4681 421 4736 morabilis
442 4680 558 4732 maxima
579 4686 722 4734 estannus
736 4683 778 4736 69.
799 4698 853 4749 quo
873 4681 930 4733 ine-
986 4711 1014 4718 -
1037 4683 1067 4732 Α.
1090 4679 1175 4732 lolius
1193 4683 1346 4744 Quadratae
1358 4683 1451 4747 frater
1464 4678 1574 4727 Arvalla
1593 4677 1638 4743 qai

277 4773 343 4820 rante
364 4767 456 4821 Galba
480 4767 614 4834 magister
634 4768 685 4820 fuit
709 4768 735 4819 in
756 4768 871 4836 eiusque
891 4767 931 4820 lo·
984 4769 1038 4818 uiro
1061 4767 1098 4821 Τι’,
1119 4767 1178 4818 fall
1198 4769 1313 4820 (tradidi
1333 4767 1407 4818 llari
1426 4764 1495 4815 Celsi
1517 4765 1636 4832 mopiam

281 4871 341 4908 oum
372 4871 432 4906 nrox
466 4855 540 4910 Otbo
574 4854 707 4910 srrffeotus
737 4859 788 4907 ost.
836 4853 931 4907 Pridie
976 4856 1144 4922 frangebatur
1163 4871 1188 4906 a.
1206 4855 1240 4909 89
1260 4855 1374 4928 prrrssinr.
