3644 5592
665 1319 1070 1413 Ellllllllll'll.

791 1563 942 1575 Ἥ

270 1747 297 1808 1.
341 1743 470 1809 Fratres
490 1745 628 1812 Arvales
652 1748 827 1813 secularium
851 1749 1062 1828 Varronem')
1086 1749 1108 1813 ii
1132 1757 1206 1813 sunt
1229 1753 1397 1832 quiscere
1421 1753 1547 1832 prrblica

180 1851 303 1928 sociant
324 1856 492 1926 propterea
515 1857 547 1910 at
569 1852 676 1930 smper
697 1853 803 1932 [ararit
826 1870 914 1926 aroc,
938 1871 959 1912 a
979 1853 1109 1930 [creoda
1131 1863 1159 1914 et
1180 1857 1267 1916 arcte
1281 1856 1398 1933 [ratres
1414 1855 1547 1915 Arvales

182 1952 269 2012 dicti.
314 1947 473 2012 Masurius
496 1955 603 2015 autem
620 1951 760 2017 Sabinus
775 1951 801 2036 ¹)
821 1958 990 2036 postquam
1008 1953 1124 2018 Accam
1143 1954 1326 2017 Larentiam
1342 1954 1468 2018 Romuli
1493 1974 1546 2016 nu-

181 2049 292 2114 tricem
316 2048 415 2114 luisse
439 2051 568 2132 rettulit,
598 2053 801 2137 prosequitur
822 2052 885 2116 sic:
908 2075 946 2117 eo
962 2058 1072 2118 martiar
1087 2077 1127 2118 ec
1143 2058 1305 2118 duodecim
1319 2058 1394 2135 filiis
1409 2057 1547 2118 maritas

182 2173 275 2215 auam
296 2161 392 2214 morte
415 2155 529 2214 amisit.
561 2156 599 2216 Ia
621 2155 707 2216 illius
729 2157 829 2218 locum
851 2157 1000 2220 Romulus
1021 2160 1124 2222 Aecae
1145 2179 1213 2222 sese
1233 2161 1329 2238 filium
1351 2159 1549 2238 deditaeque

181 2264 210 2316 et
232 2263 351 2316 ceteros
373 2257 441 2318 eiras
461 2257 544 2336 filios
564 2258 683 2336 [ratres
705 2259 839 2320 Arvales
861 2261 1041 2338 appellavit.
1085 2262 1135 2324 Ec
1158 2281 1193 2322 eo
1224 2269 1358 2340 leorpore
1387 2261 1548 2340 collepiam

182 2359 294 2418 moverit
322 2357 460 2436 [rutrum
487 2357 651 2420 Arvalium
683 2379 809 2422 numero
839 2361 1010 2436 duodecim,
1034 2364 1122 2424 cuites
1149 2363 1318 2424 sacerdotii
1351 2363 1471 2441 iasipac
1503 2369 1548 2424 est

181 2463 288 2539 spirea
317 2477 436 2520 corona
473 2467 501 2520 ct
535 2461 625 2522 albae
653 2463 781 2540 iactatae.
832 2461 924 2540 Quae
957 2463 1099 2526 narratio
1138 2462 1284 2546 quamvis
1324 2469 1429 2527 aetate
1468 2463 1547 2526 satis

182 2559 301 2624 recenti
325 2565 404 2642 orta,
428 2560 549 2645 quippe
571 2579 656 2642 quae
679 2560 815 2626 Varroni
840 2562 952 2644 ignota
975 2564 1016 2627 sit
1038 2563 1228 2646 Romulique
1250 2563 1405 2628 nutricem
1429 2571 1548 2628 statuat

184 2663 302 2726 Accam
331 2661 526 2744 Larentiam,
557 2661 598 2725 de
621 2683 686 2744 qua
708 2663 869 2746 antiquior
892 2663 1003 2728 sabula
1025 2671 1110 2729 certe
1132 2663 1175 2728 ad
1198 2665 1360 2729 Valerium
1384 2665 1545 2729 Antiatem

181 2761 310 2826 duravit
325 2763 360 2845 ³),
385 2761 484 2826 nihilo
508 2763 614 2828 minus
638 2765 852 2829 sacerdotium
876 2765 1017 2830 ostendit
1039 2765 1288 2830 vetustissimum
1312 2766 1414 2830 fuisse
1437 2771 1545 2848 utpote

182 2862 224 2927 erl
247 2863 321 2946 ipsa
342 2863 435 2928 initia
456 2865 544 2929 urbis
567 2885 588 2928 a
610 2867 764 2930 Romanis
779 2867 923 2930 relatum.
954 2867 1101 2930 Fratrum
1118 2867 1280 2930 insolitam
1296 2865 1546 2950 appellationem

182 2985 203 3028 a
232 2965 366 3030 Romulo
396 2963 611 3048 fratribusque
640 2968 709 3032 eius
739 2966 955 3050 deduxerunt3
990 2987 1064 3032 nam
1093 2968 1175 3032 alios
1203 2968 1388 3032 sacerdotes
1418 2975 1547 3050 praeter

183 3069 320 3132 Arvales
344 3067 458 3132 Latine
485 3069 601 3133 tratres
629 3075 830 3152 nuncupatos
859 3089 930 3134 esse
959 3077 989 3134 et
1019 3068 1274 3152 Mommsenus⁴)
1307 3075 1339 3133 et
1371 3067 1506 3131 Roscius
1522 3067 1546 3150 ³)

183 3177 267 3236 reete
289 3176 451 3252 negarunt
465 3169 499 3252 ⁸).
544 3167 638 3247 Quod
661 3175 767 3233 autem
790 3169 882 3233 addit
904 3171 1043 3236 Sabinus
1066 3191 1106 3235 ex
1130 3171 1185 3234 illo
1202 3169 1276 3234 inde
1292 3177 1435 3254 tempore
1452 3169 1545 3233 eolle-

183 3272 270 3352 gium
305 3291 431 3355 semper
466 3291 505 3336 en
540 3269 711 3335 duodecim
744 3271 966 3336 sacerdotibus
1004 3273 1212 3356 compositum
1243 3271 1344 3335 scrisse
1374 3289 1546 3352 eorumque

182 3373 324 3454 insignia
351 3392 487 3438 coronas
517 3372 617 3436 fuisse
646 3371 772 3456 spiceae
801 3379 833 3436 et
862 3373 981 3437 insulas
1010 3373 1112 3456 albas,
1144 3391 1282 3437 coronae
1305 3381 1337 3437 et
1358 3371 1456 3436 vittae
1478 3370 1547 3434 sire

182 3495 321 3539 coronae
332 3474 461 3558 spiceae
477 3473 613 3537 vittatae
628 3493 727 3558 saepe
742 3480 1030 3538 commemorantur
1046 3474 1077 3537 in
1094 3473 1174 3538 actis
1188 3472 1355 3538 Arvalium
1366 3471 1401 3554 ²),
1419 3471 1545 3536 eadem-

257 3663 275 3728 Ι)
296 3662 329 3712 de
349 3661 365 3710 1.
387 3661 406 3712 1.
425 3660 451 3722 5,
470 3660 514 3714 85.
887 3660 945 3712 sius
958 3660 1052 3725 (ltoma
1065 3671 1159 3712 sotem
1182 3659 1199 3712 l.
1213 3660 1248 3723 c.)
1269 3675 1286 3710 a
1299 3663 1426 3710 curatore
1442 3657 1542 3709 iratres

254 3747 275 3814 ²)
294 3745 368 3817 apud
384 3745 504 3799 Gellium
526 3747 549 3810 7,
569 3747 593 3810 l,
613 3749 637 3801 6.
676 3747 718 3799 Es
737 3743 836 3798 eodem
888 3746 1012 3814 collegas
1037 3762 1092 3799 nou
1111 3745 1248 3816 appellari
1268 3744 1323 3798 nisi
1342 3743 1428 3796 cilicii
1447 3759 1542 3794 causa.

184 3836 260 3888 litote
292 3831 421 3886 hausisse
450 3831 571 3884 Plinium
596 3851 621 3884 n.
649 3834 674 3884 lv.
700 3835 742 3895 18,
766 3833 792 3894 2,
821 3833 838 3884 6
892 3861 922 3870 -
949 3831 1156 3886 Hirsclrleldius
1182 3833 1269 3898 (Gdlt.
1293 3832 1346 3899 pel.
1376 3831 1443 3884 Aac.
1478 3831 1545 3882 1868

184 3919 429 3984 notatlllommseu
450 3919 492 3970 dis
510 3919 581 3970 alac
599 3919 656 3970 aad
674 3920 718 3970 dic
735 3918 839 3982 saturica
892 3933 918 3986 p.
937 3919 1023 3982 1500)
1050 3919 1158 3970 coclert
1178 3919 1323 3988 Lupercos
1354 3931 1499 3983 germanos
1529 3931 1546 3965 a

184 4013 253 4059 Acca
280 4005 422 4068 Larentia,
442 4005 468 4056 in
489 4003 560 4057 libro
580 4004 625 4056 cui
644 4003 742 4057 titulus
764 4003 839 4056 aar·
891 4003 1028 4056 Cicerone
1048 4004 1335 4073 (psaltaeli011‚26)
1356 4001 1457 4053 dictos.
1477 3999 1544 4065 [ser

181 4097 267 4162 putea
279 4095 331 4160 sur
351 4095 452 4142 Guttae
466 4087 606 4158 Homeper.
631 4089 754 4144 Beruliui
770 4091 836 4145 1871
890 4089 977 4142 verba
996 4107 1044 4141 ea:
1056 4093 1123 4158 sero
1142 4093 1275 4158 quaedam
1288 4091 1417 4142 sodalitas
1430 4098 1454 4139 et
1464 4089 1547 4152 plane

188 4179 243 4245 (ed.
263 4181 409 4248 separatae
429 4192 455 4245 p.
470 4177 523 4242 15).
887 4179 1036 4244 pastoricia
1061 4189 1140 4244 atquc
1167 4179 1279 4246 spretas
1299 4192 1484 4245 porticanorum
1504 4173 1545 4224 lu-

257 4263 278 4330 ³)
300 4265 335 4316 ct.
354 4262 509 4316 Mommsen
529 4263 545 4316 1.
567 4280 591 4316 c.
612 4279 638 4333 p.
654 4266 696 4318 12,
886 4283 1026 4330 percorum
1046 4279 1099 4315 non
1120 4263 1287 4333 accipiendo
1306 4266 1371 4315 sunt
1390 4259 1424 4311 dc
1439 4261 1544 4328 Luper·

255 4351 275 4418 ¹)
296 4347 330 4402 ad
351 4349 501 4417 Borghesii
520 4368 579 4418 opp.
601 4353 626 4414 3,
646 4351 698 4404 414
717 4351 781 4403 u.1.
891 4352 932 4404 cis
958 4349 1104 4412 tratribus,
1134 4351 1185 4402 sed
1219 4350 1297 4402 iocus
1325 4347 1378 4400 hoc
1406 4345 1548 4414 significat

254 4439 275 4499 5)
297 4437 379 4487 Homo
399 4447 567 4490 talemence
586 4439 600 4491 1
620 4453 646 4506 p.
659 4439 721 4492 108.
891 4437 1056 4491 sacerdotes
1077 4434 1208 4504 lupercos
1228 4434 1321 4487 dictos
1340 4449 1404 4486 vere
1421 4432 1545 4501 luporum

254 4523 275 4588 ⁶)
296 4521 430 4575 Masiniss
444 4525 520 4588 (Aru.
534 4540 560 4592 p.
574 4522 628 4576 XX
643 4529 669 4576 et
683 4519 742 4586 91⁶)
762 4537 835 4573 eum·
889 4539 963 4577 more
983 4537 1075 4590 agere,
1096 4522 1171 4574 sicut
1190 4521 1258 4572 alibi
1276 4521 1377 4574 Cicero
1398 4519 1497 4572 scribit
1516 4535 1546 4570 se

183 4627 237 4680 que
263 4615 378 4661 secutus
404 4608 566 4678 Marquardt
591 4609 675 4678 (aa
703 4611 721 4663 4
746 4609 838 4679 ptos
891 4609 998 4662 usinum
1018 4623 1175 4672 germanum
1197 4607 1292 4660 luisse.
1331 4607 1383 4658 'l'ln
1404 4605 1450 4670 Ml

184 4712 211 4750 n.
225 4696 305 4758 2786)
326 4693 399 4763 quod
414 4695 735 4765 attuleruntexemplmn
755 4711 836 4748 unum
959 4693 980 4759 7)
1004 4693 1040 4748 cl.
1066 4701 1131 4746 ecla
1154 4693 1228 4747 socri
1253 4691 1400 4744 Arvalium
1430 4691 1457 4742 in
1481 4689 1544 4742 luco

184 4782 296 4835 fratrum
324 4781 453 4834 vocabuli
479 4782 514 4834 de
539 4779 658 4849 collegio
684 4781 740 4834 elio
759 4797 836 4834 usur·
889 4780 957 4834 tacti
977 4779 1056 4832 annis
1076 4780 1117 4834 87.
1133 4781 1168 4834 90
1190 4775 1544 4833 105.1re.119.120.155.

183 4869 242 4940 pati
261 4868 500 4934 (liurat.126,1)‚
520 4871 601 4922 reete
614 4868 748 4938 opposuit
765 4867 837 4922 Ros·
890 4869 956 4930 1833
975 4869 1046 4920 vteris
1065 4867 1161 4936 spicata
1181 4867 1299 4917 coronari
1318 4863 1420 4932 legitur
1439 4880 1463 4918 s.
1482 4864 1543 4919 218.

235 4981 312 5023 acra
331 4981 398 5024 rav.
1326 4951 1341 5013 l
