<?xml version="1.0" encoding="UTF-8"?>
<!DOCTYPE html PUBLIC "-//W3C//DTD XHTML 1.0 Transitional//EN"
    "http://www.w3.org/TR/xhtml1/DTD/xhtml1-transitional.dtd">
<html xmlns="http://www.w3.org/1999/xhtml" xml:lang="en" lang="en">
 <head>
  <title>
</title>
<meta http-equiv="Content-Type" content="text/html;charset=utf-8" />
  <meta name='ocr-system' content='tesseract 3.04.00' />
  <meta name='ocr-capabilities' content='ocr_page ocr_carea ocr_par ocr_line ocrx_word'/>
</head>
<body>
  <div class='ocr_page' id='page_1' title='image "./actafratrumarva01henzgoog_0275.png"; bbox 0 0 3574 5592; ppageno 0'>
   <div class='ocr_carea' id='block_1_1' title="bbox 835 291 1102 462">
    <p class='ocr_par' dir='ltr' id='par_1_1' title="bbox 835 291 1102 462">
     <span class='ocr_line' id='line_1_1' title="bbox 835 291 1102 355; baseline -0.007 0"><span class='ocrx_word' id='word_1_1' title='bbox 835 291 925 355; x_wconf 75' lang='lat' dir='ltr'>:Satn</span> <span class='ocrx_word' id='word_1_2' title='bbox 945 299 1013 354; x_wconf 84' lang='lat' dir='ltr'>deae</span> <span class='ocrx_word' id='word_1_3' title='bbox 1033 299 1102 354; x_wconf 84' lang='lat' dir='ltr'>Dice</span> 
     </span>
     <span class='ocr_line' id='line_1_2' title="bbox 859 417 935 462; baseline 0 -33"><span class='ocrx_word' id='word_1_4' title='bbox 859 419 874 462; x_wconf 53' lang='grc' dir='ltr'>ι</span> <span class='ocrx_word' id='word_1_5' title='bbox 931 417 935 429; x_wconf 84' lang='grc'><strong>.</strong></span> 
     </span>
    </p>
   </div>
   <div class='ocr_carea' id='block_1_2' title="bbox 753 679 1202 746">
    <p class='ocr_par' dir='ltr' id='par_1_2' title="bbox 753 679 1202 746">
     <span class='ocr_line' id='line_1_3' title="bbox 753 679 1202 746; baseline -0.007 1"><span class='ocrx_word' id='word_1_6' title='bbox 753 681 783 746; x_wconf 88' lang='lat'>3.</span> <span class='ocrx_word' id='word_1_7' title='bbox 827 679 1066 746; x_wconf 90' lang='lat' dir='ltr'>Indictionis</span> <span class='ocrx_word' id='word_1_8' title='bbox 1089 680 1202 746; x_wconf 91' lang='lat' dir='ltr'>ratio.</span> 
     </span>
    </p>
   </div>
   <div class='ocr_carea' id='block_1_3' title="bbox 304 902 1642 1178">
    <p class='ocr_par' dir='ltr' id='par_1_3' title="bbox 304 902 1642 1178">
     <span class='ocr_line' id='line_1_4' title="bbox 305 902 1591 993; baseline -0.005 -21"><span class='ocrx_word' id='word_1_9' title='bbox 305 904 368 993; x_wconf 84' lang='grc'><strong>[68]</strong></span> <span class='ocrx_word' id='word_1_10' title='bbox 392 906 433 972; x_wconf 86' lang='grc'>69</span> <span class='ocrx_word' id='word_1_11' title='bbox 457 907 499 971; x_wconf 88' lang='grc'>60</span> <span class='ocrx_word' id='word_1_12' title='bbox 522 902 585 993; x_wconf 80' lang='grc'>[72]</span> <span class='ocrx_word' id='word_1_13' title='bbox 653 905 828 971; x_wconf 90' lang='lat' dir='ltr'>astantibus</span> <span class='ocrx_word' id='word_1_14' title='bbox 844 904 866 989; x_wconf 86' lang='lat'>¹)</span> <span class='ocrx_word' id='word_1_15' title='bbox 889 907 944 968; x_wconf 73' lang='lat' dir='ltr'>illa</span> <span class='ocrx_word' id='word_1_16' title='bbox 966 904 1129 987; x_wconf 84' lang='lat' dir='ltr'>magistro,</span> <span class='ocrx_word' id='word_1_17' title='bbox 1153 907 1217 967; x_wconf 78' lang='lat' dir='ltr'>illie</span> <span class='ocrx_word' id='word_1_18' title='bbox 1240 902 1390 968; x_wconf 88' lang='lat' dir='ltr'>fratribus</span> <span class='ocrx_word' id='word_1_19' title='bbox 1413 902 1591 979; x_wconf 89' lang='lat' dir='ltr'>Arvalibus.</span> 
     </span>
     <span class='ocr_line' id='line_1_5' title="bbox 304 1004 1265 1096; baseline -0.005 -21"><span class='ocrx_word' id='word_1_20' title='bbox 304 1007 368 1096; x_wconf 75' lang='grc'><strong>[69]</strong></span> <span class='ocrx_word' id='word_1_21' title='bbox 387 1009 426 1073; x_wconf 94' lang='grc'>78</span> <span class='ocrx_word' id='word_1_22' title='bbox 450 1004 626 1095; x_wconf 77' lang='grc'><strong>[818687]</strong></span> <span class='ocrx_word' id='word_1_23' title='bbox 651 1007 849 1074; x_wconf 78' lang='lat' dir='ltr'>adstantibus</span> <span class='ocrx_word' id='word_1_24' title='bbox 866 1005 889 1092; x_wconf 86' lang='lat'>¹)</span> <span class='ocrx_word' id='word_1_25' title='bbox 904 1006 1062 1072; x_wconf 83' lang='lat' dir='ltr'>fratribus</span> <span class='ocrx_word' id='word_1_26' title='bbox 1084 1007 1265 1073; x_wconf 82' lang='lat' dir='ltr'>Arvalibus</span> 
     </span>
     <span class='ocr_line' id='line_1_6' title="bbox 654 1110 1642 1178; baseline -0.003 -14"><span class='ocrx_word' id='word_1_27' title='bbox 654 1113 672 1176; x_wconf 88' lang='lat'>¹)</span> <span class='ocrx_word' id='word_1_28' title='bbox 693 1110 850 1166; x_wconf 87' lang='lat' dir='ltr'>astantibus</span> <span class='ocrx_word' id='word_1_29' title='bbox 868 1111 901 1166; x_wconf 84' lang='lat'>59</span> <span class='ocrx_word' id='word_1_30' title='bbox 920 1112 953 1165; x_wconf 88' lang='grc'>69</span> <span class='ocrx_word' id='word_1_31' title='bbox 972 1113 1014 1173; x_wconf 87' lang='grc'>86,</span> <span class='ocrx_word' id='word_1_32' title='bbox 1034 1110 1210 1164; x_wconf 78' lang='lat' dir='ltr'>adstantibus</span> <span class='ocrx_word' id='word_1_33' title='bbox 1232 1114 1266 1166; x_wconf 88' lang='grc'>66</span> <span class='ocrx_word' id='word_1_34' title='bbox 1284 1111 1317 1166; x_wconf 89' lang='grc'>78</span> <span class='ocrx_word' id='word_1_35' title='bbox 1335 1112 1383 1174; x_wconf 85' lang='grc'>87;</span> <span class='ocrx_word' id='word_1_36' title='bbox 1408 1113 1437 1164; x_wconf 81' lang='lat' dir='ltr'>in</span> <span class='ocrx_word' id='word_1_37' title='bbox 1454 1111 1563 1178; x_wconf 74' lang='lat' dir='ltr'>reliquls</span> <span class='ocrx_word' id='word_1_38' title='bbox 1582 1111 1642 1162; x_wconf 73' lang='lat' dir='ltr'>actis</span> 
     </span>
    </p>
   </div>
   <div class='ocr_carea' id='block_1_4' title="bbox 693 1183 1642 1330">
    <p class='ocr_par' dir='ltr' id='par_1_4' title="bbox 693 1183 1642 1330">
     <span class='ocr_line' id='line_1_7' title="bbox 693 1183 1642 1250; baseline -0.003 -16"><span class='ocrx_word' id='word_1_39' title='bbox 693 1183 847 1234; x_wconf 83' lang='lat' dir='ltr'>vocabulum</span> <span class='ocrx_word' id='word_1_40' title='bbox 869 1184 1064 1250; x_wconf 79' lang='lat' dir='ltr'>interceperant</span> <span class='ocrx_word' id='word_1_41' title='bbox 1082 1183 1177 1234; x_wconf 79' lang='lat' dir='ltr'>dictas.</span> <span class='ocrx_word' id='word_1_42' title='bbox 1197 1213 1230 1222; x_wconf 91' lang='lat'><em>-</em></span> <span class='ocrx_word' id='word_1_43' title='bbox 1253 1188 1284 1234; x_wconf 83' lang='lat' dir='ltr'>fa</span> <span class='ocrx_word' id='word_1_44' title='bbox 1302 1184 1365 1234; x_wconf 71' lang='lat' dir='ltr'>actm</span> <span class='ocrx_word' id='word_1_45' title='bbox 1384 1201 1408 1236; x_wconf 87' lang='lat' dir='ltr'>a.</span> <span class='ocrx_word' id='word_1_46' title='bbox 1428 1185 1462 1236; x_wconf 95' lang='grc'>66</span> <span class='ocrx_word' id='word_1_47' title='bbox 1481 1184 1592 1248; x_wconf 81' lang='lat' dir='ltr'>spatium</span> <span class='ocrx_word' id='word_1_48' title='bbox 1608 1183 1642 1232; x_wconf 82' lang='lat' dir='ltr'>oi-</span> 
     </span>
     <span class='ocr_line' id='line_1_8' title="bbox 694 1253 1316 1330; baseline -0.002 -24"><span class='ocrx_word' id='word_1_49' title='bbox 694 1255 772 1306; x_wconf 83' lang='lat' dir='ltr'>detar</span> <span class='ocrx_word' id='word_1_50' title='bbox 791 1253 913 1304; x_wconf 81' lang='lat' dir='ltr'>indicare</span> <span class='ocrx_word' id='word_1_51' title='bbox 931 1253 995 1304; x_wconf 79' lang='grc'><strong>1666</strong></span> <span class='ocrx_word' id='word_1_52' title='bbox 1013 1254 1208 1330; x_wconf 62' lang='grc'><strong>6666666666</strong></span> <span class='ocrx_word' id='word_1_53' title='bbox 1219 1255 1316 1322; x_wconf 77' lang='lat' dir='ltr'>fuisse.</span> 
     </span>
    </p>
   </div>
   <div class='ocr_carea' id='block_1_5' title="bbox 303 1353 1648 2575">
    <p class='ocr_par' dir='ltr' id='par_1_5' title="bbox 303 1353 1648 2575">
     <span class='ocr_line' id='line_1_9' title="bbox 381 1353 1643 1433; baseline -0.003 -18"><span class='ocrx_word' id='word_1_54' title='bbox 381 1357 466 1416; x_wconf 84' lang='lat' dir='ltr'>llaec</span> <span class='ocrx_word' id='word_1_55' title='bbox 488 1357 577 1416; x_wconf 86' lang='lat' dir='ltr'>verba</span> <span class='ocrx_word' id='word_1_56' title='bbox 597 1356 685 1416; x_wconf 90' lang='lat' dir='ltr'>inseri</span> <span class='ocrx_word' id='word_1_57' title='bbox 716 1353 812 1414; x_wconf 79' lang='lat' dir='ltr'>solc&#39;ut</span> <span class='ocrx_word' id='word_1_58' title='bbox 841 1362 912 1432; x_wconf 87' lang='lat' dir='ltr'>post</span> <span class='ocrx_word' id='word_1_59' title='bbox 940 1357 1036 1414; x_wconf 93' lang='lat' dir='ltr'>locum</span> <span class='ocrx_word' id='word_1_60' title='bbox 1064 1356 1179 1433; x_wconf 83' lang='lat' dir='ltr'>inipso</span> <span class='ocrx_word' id='word_1_61' title='bbox 1205 1357 1286 1415; x_wconf 88' lang='lat' dir='ltr'>initio</span> <span class='ocrx_word' id='word_1_62' title='bbox 1308 1355 1491 1426; x_wconf 83' lang='lat' dir='ltr'>indictionis,</span> <span class='ocrx_word' id='word_1_63' title='bbox 1517 1355 1643 1431; x_wconf 82' lang='lat' dir='ltr'>exceptis</span> 
     </span>
     <span class='ocr_line' id='line_1_10' title="bbox 303 1449 1644 1528; baseline -0.004 -16"><span class='ocrx_word' id='word_1_64' title='bbox 303 1453 378 1512; x_wconf 88' lang='lat' dir='ltr'>actis</span> <span class='ocrx_word' id='word_1_65' title='bbox 399 1471 425 1512; x_wconf 85' lang='lat' dir='ltr'>a.</span> <span class='ocrx_word' id='word_1_66' title='bbox 447 1450 498 1524; x_wconf 86' lang='grc'>87,</span> <span class='ocrx_word' id='word_1_67' title='bbox 520 1451 674 1527; x_wconf 90' lang='lat' dir='ltr'>inquibus</span> <span class='ocrx_word' id='word_1_68' title='bbox 695 1451 877 1509; x_wconf 81' lang='lat' dir='ltr'>collocantur</span> <span class='ocrx_word' id='word_1_69' title='bbox 898 1457 965 1508; x_wconf 88' lang='lat' dir='ltr'>ante</span> <span class='ocrx_word' id='word_1_70' title='bbox 987 1449 1048 1508; x_wconf 90' lang='lat' dir='ltr'>dics</span> <span class='ocrx_word' id='word_1_71' title='bbox 1076 1452 1125 1528; x_wconf 86' lang='lat' dir='ltr'>qui</span> <span class='ocrx_word' id='word_1_72' title='bbox 1146 1451 1321 1510; x_wconf 88' lang='lat' dir='ltr'>indicuntur.</span> <span class='ocrx_word' id='word_1_73' title='bbox 1363 1451 1399 1508; x_wconf 93' lang='lat' dir='ltr'>In</span> <span class='ocrx_word' id='word_1_74' title='bbox 1420 1451 1494 1509; x_wconf 85' lang='lat' dir='ltr'>actis</span> <span class='ocrx_word' id='word_1_75' title='bbox 1515 1469 1540 1508; x_wconf 87' lang='lat' dir='ltr'>a.</span> <span class='ocrx_word' id='word_1_76' title='bbox 1555 1451 1591 1508; x_wconf 86' lang='grc'>68</span> <span class='ocrx_word' id='word_1_77' title='bbox 1611 1451 1644 1506; x_wconf 80' lang='grc'>69</span> 
     </span>
     <span class='ocr_line' id='line_1_11' title="bbox 303 1544 1645 1620; baseline -0.004 -14"><span class='ocrx_word' id='word_1_78' title='bbox 303 1549 339 1606; x_wconf 89' lang='grc'>60</span> <span class='ocrx_word' id='word_1_79' title='bbox 360 1546 397 1605; x_wconf 89' lang='grc'>72</span> <span class='ocrx_word' id='word_1_80' title='bbox 418 1545 625 1604; x_wconf 85' lang='lat' dir='ltr'>adscribuntur</span> <span class='ocrx_word' id='word_1_81' title='bbox 639 1545 754 1603; x_wconf 86' lang='lat' dir='ltr'>nomina</span> <span class='ocrx_word' id='word_1_82' title='bbox 768 1562 866 1602; x_wconf 89' lang='lat' dir='ltr'>eorum</span> <span class='ocrx_word' id='word_1_83' title='bbox 883 1545 931 1620; x_wconf 91' lang='lat' dir='ltr'>qui</span> <span class='ocrx_word' id='word_1_84' title='bbox 948 1544 1116 1619; x_wconf 82' lang='lat' dir='ltr'>adstabant,</span> <span class='ocrx_word' id='word_1_85' title='bbox 1137 1547 1250 1604; x_wconf 88' lang='lat' dir='ltr'>scilicet</span> <span class='ocrx_word' id='word_1_86' title='bbox 1276 1554 1306 1603; x_wconf 90' lang='lat' dir='ltr'>et</span> <span class='ocrx_word' id='word_1_87' title='bbox 1333 1545 1394 1603; x_wconf 87' lang='lat' dir='ltr'>eius</span> <span class='ocrx_word' id='word_1_88' title='bbox 1421 1545 1469 1620; x_wconf 92' lang='lat' dir='ltr'>qui</span> <span class='ocrx_word' id='word_1_89' title='bbox 1494 1544 1596 1602; x_wconf 86' lang='lat' dir='ltr'>indicit</span> <span class='ocrx_word' id='word_1_90' title='bbox 1618 1551 1645 1600; x_wconf 79' lang='lat' dir='ltr'>ct</span> 
     </span>
     <span class='ocr_line' id='line_1_12' title="bbox 303 1637 1645 1715; baseline -0.004 -15"><span class='ocrx_word' id='word_1_91' title='bbox 303 1649 479 1714; x_wconf 87' lang='lat' dir='ltr'>ceterorum,</span> <span class='ocrx_word' id='word_1_92' title='bbox 499 1641 528 1697; x_wconf 93' lang='lat' dir='ltr'>in</span> <span class='ocrx_word' id='word_1_93' title='bbox 545 1639 663 1715; x_wconf 89' lang='lat' dir='ltr'>reliquis</span> <span class='ocrx_word' id='word_1_94' title='bbox 684 1640 862 1714; x_wconf 88' lang='lat' dir='ltr'>omittuntur,</span> <span class='ocrx_word' id='word_1_95' title='bbox 884 1637 973 1715; x_wconf 90' lang='lat' dir='ltr'>quod,</span> <span class='ocrx_word' id='word_1_96' title='bbox 993 1657 1058 1697; x_wconf 92' lang='lat' dir='ltr'>cum</span> <span class='ocrx_word' id='word_1_97' title='bbox 1079 1640 1108 1697; x_wconf 93' lang='lat' dir='ltr'>in</span> <span class='ocrx_word' id='word_1_98' title='bbox 1129 1641 1202 1698; x_wconf 88' lang='lat' dir='ltr'>actis</span> <span class='ocrx_word' id='word_1_99' title='bbox 1224 1641 1357 1698; x_wconf 91' lang='lat' dir='ltr'>omnibus</span> <span class='ocrx_word' id='word_1_100' title='bbox 1379 1639 1516 1698; x_wconf 81' lang='lat' dir='ltr'>extremis</span> <span class='ocrx_word' id='word_1_101' title='bbox 1538 1637 1645 1698; x_wconf 82' lang='lat' dir='ltr'>adseri·</span> 
     </span>
     <span class='ocr_line' id='line_1_13' title="bbox 303 1731 1644 1810; baseline -0.004 -17"><span class='ocrx_word' id='word_1_102' title='bbox 303 1736 411 1794; x_wconf 86' lang='lat' dir='ltr'>bantur</span> <span class='ocrx_word' id='word_1_103' title='bbox 431 1734 480 1810; x_wconf 91' lang='lat' dir='ltr'>qui</span> <span class='ocrx_word' id='word_1_104' title='bbox 502 1733 669 1808; x_wconf 87' lang='lat' dir='ltr'>adfuerant,</span> <span class='ocrx_word' id='word_1_105' title='bbox 696 1751 945 1809; x_wconf 88' lang='lat' dir='ltr'>supervacaneum</span> <span class='ocrx_word' id='word_1_106' title='bbox 972 1741 1035 1792; x_wconf 85' lang='lat' dir='ltr'>erat</span> <span class='ocrx_word' id='word_1_107' title='bbox 1061 1735 1176 1792; x_wconf 86' lang='lat' dir='ltr'>nomina</span> <span class='ocrx_word' id='word_1_108' title='bbox 1201 1734 1305 1793; x_wconf 87' lang='lat' dir='ltr'>eadem</span> <span class='ocrx_word' id='word_1_109' title='bbox 1333 1735 1379 1794; x_wconf 92' lang='lat' dir='ltr'>bis</span> <span class='ocrx_word' id='word_1_110' title='bbox 1401 1751 1518 1810; x_wconf 88' lang='lat' dir='ltr'>ponere.</span> <span class='ocrx_word' id='word_1_111' title='bbox 1561 1731 1644 1805; x_wconf 78' lang='lat' dir='ltr'>Quod</span> 
     </span>
     <span class='ocr_line' id='line_1_14' title="bbox 303 1827 1646 1910; baseline -0.003 -24"><span class='ocrx_word' id='word_1_112' title='bbox 303 1828 394 1886; x_wconf 90' lang='lat' dir='ltr'>nihilo</span> <span class='ocrx_word' id='word_1_113' title='bbox 415 1828 509 1886; x_wconf 86' lang='lat' dir='ltr'>minus</span> <span class='ocrx_word' id='word_1_114' title='bbox 536 1828 643 1886; x_wconf 90' lang='lat' dir='ltr'>factum</span> <span class='ocrx_word' id='word_1_115' title='bbox 666 1835 711 1888; x_wconf 89' lang='lat' dir='ltr'>est</span> <span class='ocrx_word' id='word_1_116' title='bbox 727 1829 754 1886; x_wconf 89' lang='lat' dir='ltr'>in</span> <span class='ocrx_word' id='word_1_117' title='bbox 777 1828 850 1887; x_wconf 86' lang='lat' dir='ltr'>actis</span> <span class='ocrx_word' id='word_1_118' title='bbox 871 1847 897 1887; x_wconf 88' lang='lat' dir='ltr'>a.</span> <span class='ocrx_word' id='word_1_119' title='bbox 920 1831 998 1910; x_wconf 76' lang='lat' dir='ltr'>bSct</span> <span class='ocrx_word' id='word_1_120' title='bbox 1014 1828 1058 1901; x_wconf 90' lang='grc'>72,</span> <span class='ocrx_word' id='word_1_121' title='bbox 1080 1847 1144 1887; x_wconf 88' lang='grc'>666</span> <span class='ocrx_word' id='word_1_122' title='bbox 1159 1827 1188 1886; x_wconf 94' lang='lat' dir='ltr'>in</span> <span class='ocrx_word' id='word_1_123' title='bbox 1210 1829 1283 1888; x_wconf 86' lang='lat' dir='ltr'>actis</span> <span class='ocrx_word' id='word_1_124' title='bbox 1305 1846 1322 1887; x_wconf 84' lang='lat' dir='ltr'>a</span> <span class='ocrx_word' id='word_1_125' title='bbox 1343 1831 1380 1887; x_wconf 83' lang='grc'>69</span> <span class='ocrx_word' id='word_1_126' title='bbox 1401 1828 1563 1904; x_wconf 88' lang='lat' dir='ltr'>posteriore</span> <span class='ocrx_word' id='word_1_127' title='bbox 1584 1827 1646 1884; x_wconf 88' lang='lat' dir='ltr'>loco</span> 
     </span>
     <span class='ocr_line' id='line_1_15' title="bbox 303 1922 1647 1999; baseline -0.002 -19"><span class='ocrx_word' id='word_1_128' title='bbox 303 1923 436 1982; x_wconf 88' lang='lat' dir='ltr'>dicantur</span> <span class='ocrx_word' id='word_1_129' title='bbox 456 1923 543 1981; x_wconf 90' lang='lat' dir='ltr'>iidem</span> <span class='ocrx_word' id='word_1_130' title='bbox 564 1923 692 1981; x_wconf 76' lang='lat' dir='ltr'>adfuisse</span> <span class='ocrx_word' id='word_1_131' title='bbox 714 1923 762 1998; x_wconf 91' lang='lat' dir='ltr'>qai</span> <span class='ocrx_word' id='word_1_132' title='bbox 783 1922 880 1999; x_wconf 87' lang='lat' dir='ltr'>priore</span> <span class='ocrx_word' id='word_1_133' title='bbox 901 1923 1052 1982; x_wconf 88' lang='lat' dir='ltr'>memorati</span> <span class='ocrx_word' id='word_1_134' title='bbox 1073 1929 1163 1982; x_wconf 84' lang='lat' dir='ltr'>crant.</span> <span class='ocrx_word' id='word_1_135' title='bbox 1195 1923 1300 1982; x_wconf 89' lang='lat' dir='ltr'>Paullo</span> <span class='ocrx_word' id='word_1_136' title='bbox 1322 1923 1439 1982; x_wconf 88' lang='lat' dir='ltr'>diversa</span> <span class='ocrx_word' id='word_1_137' title='bbox 1460 1923 1585 1981; x_wconf 87' lang='lat' dir='ltr'>formula</span> <span class='ocrx_word' id='word_1_138' title='bbox 1605 1929 1647 1978; x_wconf 85' lang='lat' dir='ltr'>est</span> 
     </span>
     <span class='ocr_line' id='line_1_16' title="bbox 303 2017 734 2095; baseline 0 -19"><span class='ocrx_word' id='word_1_139' title='bbox 303 2037 378 2095; x_wconf 87' lang='lat' dir='ltr'>quae</span> <span class='ocrx_word' id='word_1_140' title='bbox 400 2017 543 2094; x_wconf 83' lang='lat' dir='ltr'>reperitur</span> <span class='ocrx_word' id='word_1_141' title='bbox 564 2017 591 2075; x_wconf 89' lang='lat' dir='ltr'>in</span> <span class='ocrx_word' id='word_1_142' title='bbox 613 2018 687 2077; x_wconf 86' lang='lat' dir='ltr'>actis</span> <span class='ocrx_word' id='word_1_143' title='bbox 708 2037 734 2076; x_wconf 88' lang='lat' dir='ltr'>a.</span> 
     </span>
     <span class='ocr_line' id='line_1_17' title="bbox 303 2111 891 2178; baseline -0.003 0"><span class='ocrx_word' id='word_1_144' title='bbox 303 2115 344 2178; x_wconf 89' lang='grc'><strong>63</strong></span> <span class='ocrx_word' id='word_1_145' title='bbox 656 2111 805 2178; x_wconf 85' lang='lat' dir='ltr'>adhibitis</span> <span class='ocrx_word' id='word_1_146' title='bbox 827 2115 891 2176; x_wconf 83' lang='lat' dir='ltr'>illis</span> 
     </span>
     <span class='ocr_line' id='line_1_18' title="bbox 303 2213 1647 2293; baseline 0 -19"><span class='ocrx_word' id='word_1_147' title='bbox 303 2235 369 2274; x_wconf 85' lang='grc'>666</span> <span class='ocrx_word' id='word_1_148' title='bbox 390 2234 426 2274; x_wconf 91' lang='grc'>66</span> <span class='ocrx_word' id='word_1_149' title='bbox 446 2221 475 2274; x_wconf 88' lang='lat' dir='ltr'>et</span> <span class='ocrx_word' id='word_1_150' title='bbox 494 2215 561 2273; x_wconf 93' lang='lat' dir='ltr'>loco</span> <span class='ocrx_word' id='word_1_151' title='bbox 581 2213 688 2290; x_wconf 87' lang='lat' dir='ltr'>legitur</span> <span class='ocrx_word' id='word_1_152' title='bbox 709 2214 834 2290; x_wconf 89' lang='lat' dir='ltr'>diverso,</span> <span class='ocrx_word' id='word_1_153' title='bbox 856 2223 922 2274; x_wconf 83' lang='lat' dir='ltr'>ante</span> <span class='ocrx_word' id='word_1_154' title='bbox 944 2215 1007 2274; x_wconf 90' lang='lat' dir='ltr'>dies</span> <span class='ocrx_word' id='word_1_155' title='bbox 1031 2216 1080 2293; x_wconf 88' lang='lat' dir='ltr'>qai</span> <span class='ocrx_word' id='word_1_156' title='bbox 1101 2215 1276 2292; x_wconf 88' lang='lat' dir='ltr'>indicuntur,</span> <span class='ocrx_word' id='word_1_157' title='bbox 1297 2222 1326 2275; x_wconf 89' lang='lat' dir='ltr'>et</span> <span class='ocrx_word' id='word_1_158' title='bbox 1341 2217 1415 2275; x_wconf 89' lang='lat' dir='ltr'>inter</span> <span class='ocrx_word' id='word_1_159' title='bbox 1430 2214 1579 2275; x_wconf 87' lang='lat' dir='ltr'>adhibitos</span> <span class='ocrx_word' id='word_1_160' title='bbox 1594 2235 1647 2274; x_wconf 91' lang='grc'>666</span> 
     </span>
     <span class='ocr_line' id='line_1_19' title="bbox 304 2309 1647 2387; baseline 0.001 -19"><span class='ocrx_word' id='word_1_161' title='bbox 304 2315 351 2369; x_wconf 90' lang='lat' dir='ltr'>est</span> <span class='ocrx_word' id='word_1_162' title='bbox 370 2311 435 2386; x_wconf 87' lang='lat' dir='ltr'>ipse</span> <span class='ocrx_word' id='word_1_163' title='bbox 454 2309 609 2384; x_wconf 79' lang='lat' dir='ltr'>magister,</span> <span class='ocrx_word' id='word_1_164' title='bbox 631 2328 717 2387; x_wconf 91' lang='grc'><strong>6666</strong></span> <span class='ocrx_word' id='word_1_165' title='bbox 741 2309 865 2368; x_wconf 89' lang='lat' dir='ltr'>vidimus</span> <span class='ocrx_word' id='word_1_166' title='bbox 887 2328 951 2368; x_wconf 87' lang='lat' dir='ltr'>esse</span> <span class='ocrx_word' id='word_1_167' title='bbox 977 2311 1052 2368; x_wconf 90' lang='lat' dir='ltr'>inter</span> <span class='ocrx_word' id='word_1_168' title='bbox 1072 2309 1232 2368; x_wconf 84' lang='lat' dir='ltr'>adstantes.</span> <span class='ocrx_word' id='word_1_169' title='bbox 1254 2344 1291 2354; x_wconf 87' lang='lat'><em>-</em></span> <span class='ocrx_word' id='word_1_170' title='bbox 1313 2311 1388 2368; x_wconf 90' lang='lat' dir='ltr'>Post</span> <span class='ocrx_word' id='word_1_171' title='bbox 1409 2329 1434 2370; x_wconf 92' lang='lat' dir='ltr'>a.</span> <span class='ocrx_word' id='word_1_172' title='bbox 1456 2311 1491 2369; x_wconf 89' lang='grc'>87</span> <span class='ocrx_word' id='word_1_173' title='bbox 1516 2311 1572 2370; x_wconf 83' lang='grc'>666</span> <span class='ocrx_word' id='word_1_174' title='bbox 1593 2312 1647 2369; x_wconf 93' lang='lat' dir='ltr'>for·</span> 
     </span>
     <span class='ocr_line' id='line_1_20' title="bbox 304 2404 1648 2480; baseline 0.001 -17"><span class='ocrx_word' id='word_1_175' title='bbox 304 2405 397 2464; x_wconf 88' lang='lat' dir='ltr'>mulae</span> <span class='ocrx_word' id='word_1_176' title='bbox 430 2405 551 2478; x_wconf 86' lang='lat' dir='ltr'>absunt,</span> <span class='ocrx_word' id='word_1_177' title='bbox 581 2404 660 2480; x_wconf 90' lang='lat' dir='ltr'>qaod</span> <span class='ocrx_word' id='word_1_178' title='bbox 688 2404 810 2464; x_wconf 83' lang='lat' dir='ltr'>indictio</span> <span class='ocrx_word' id='word_1_179' title='bbox 833 2405 968 2464; x_wconf 89' lang='lat' dir='ltr'>sacrificii</span> <span class='ocrx_word' id='word_1_180' title='bbox 989 2407 1027 2466; x_wconf 88' lang='lat' dir='ltr'>ab</span> <span class='ocrx_word' id='word_1_181' title='bbox 1051 2423 1127 2465; x_wconf 86' lang='grc'><strong>6666</strong></span> <span class='ocrx_word' id='word_1_182' title='bbox 1148 2405 1215 2463; x_wconf 90' lang='lat' dir='ltr'>inde</span> <span class='ocrx_word' id='word_1_183' title='bbox 1237 2407 1273 2463; x_wconf 85' lang='lat'>89</span> <span class='ocrx_word' id='word_1_184' title='bbox 1295 2423 1313 2464; x_wconf 87' lang='lat' dir='ltr'>a</span> <span class='ocrx_word' id='word_1_185' title='bbox 1335 2406 1476 2480; x_wconf 82' lang='lat' dir='ltr'>magistro</span> <span class='ocrx_word' id='word_1_186' title='bbox 1496 2406 1534 2464; x_wconf 88' lang='lat' dir='ltr'>ad</span> <span class='ocrx_word' id='word_1_187' title='bbox 1562 2408 1648 2466; x_wconf 91' lang='lat' dir='ltr'>colle·</span> 
     </span>
     <span class='ocr_line' id='line_1_21' title="bbox 304 2499 734 2575; baseline 0 -17"><span class='ocrx_word' id='word_1_188' title='bbox 304 2501 382 2575; x_wconf 84' lang='lat' dir='ltr'>giam</span> <span class='ocrx_word' id='word_1_189' title='bbox 402 2499 496 2575; x_wconf 89' lang='lat' dir='ltr'>ipsum</span> <span class='ocrx_word' id='word_1_190' title='bbox 517 2499 662 2559; x_wconf 85' lang='lat' dir='ltr'>translata</span> <span class='ocrx_word' id='word_1_191' title='bbox 682 2506 734 2558; x_wconf 88' lang='lat' dir='ltr'>est.</span> 
     </span>
    </p>
   </div>
   <div class='ocr_carea' id='block_1_6' title="bbox 777 2695 1174 2704">
    <p class='ocr_par' dir='ltr' id='par_1_6' title="bbox 777 2695 1174 2704">
     <span class='ocr_line' id='line_1_22' title="bbox 777 2695 1174 2704; baseline 0 -2"><span class='ocrx_word' id='word_1_192' title='bbox 777 2695 873 2704; x_wconf 72' lang='lat'><em>——.-..</em></span> <span class='ocrx_word' id='word_1_193' title='bbox 888 2697 942 2702; x_wconf 71' lang='lat'>.—...</span> <span class='ocrx_word' id='word_1_194' title='bbox 957 2697 1002 2703; x_wconf 70' lang='grc'>....-</span> <span class='ocrx_word' id='word_1_195' title='bbox 1025 2697 1109 2702; x_wconf 79' lang='grc'>-..--</span> <span class='ocrx_word' id='word_1_196' title='bbox 1120 2697 1174 2703; x_wconf 77' lang='grc'><strong><em>.-..-</em></strong></span> 
     </span>
    </p>
   </div>
   <div class='ocr_carea' id='block_1_7' title="bbox 305 2845 1649 3128">
    <p class='ocr_par' dir='ltr' id='par_1_7' title="bbox 305 2845 1649 3128">
     <span class='ocr_line' id='line_1_23' title="bbox 305 2845 1439 2936; baseline 0.004 -22"><span class='ocrx_word' id='word_1_197' title='bbox 305 2845 368 2936; x_wconf 74' lang='grc'>[58]</span> <span class='ocrx_word' id='word_1_198' title='bbox 391 2849 433 2914; x_wconf 84' lang='grc'>69</span> <span class='ocrx_word' id='word_1_199' title='bbox 656 2852 842 2918; x_wconf 86' lang='lat' dir='ltr'>sacrificium</span> <span class='ocrx_word' id='word_1_200' title='bbox 865 2853 945 2921; x_wconf 86' lang='lat' dir='ltr'>deae</span> <span class='ocrx_word' id='word_1_201' title='bbox 967 2856 1048 2920; x_wconf 86' lang='lat' dir='ltr'>Diae</span> <span class='ocrx_word' id='word_1_202' title='bbox 1071 2854 1184 2919; x_wconf 82' lang='lat' dir='ltr'>indixit</span> <span class='ocrx_word' id='word_1_203' title='bbox 1206 2857 1257 2918; x_wconf 81' lang='lat' dir='ltr'>ifle</span> <span class='ocrx_word' id='word_1_204' title='bbox 1279 2853 1439 2936; x_wconf 83' lang='lat' dir='ltr'>magister.</span> 
     </span>
     <span class='ocr_line' id='line_1_24' title="bbox 305 2949 1649 3044; baseline 0.004 -28"><span class='ocrx_word' id='word_1_205' title='bbox 305 2949 368 3038; x_wconf 87' lang='grc'><strong>[63[</strong></span> <span class='ocrx_word' id='word_1_206' title='bbox 653 2955 842 3021; x_wconf 89' lang='lat' dir='ltr'>sacrificium</span> <span class='ocrx_word' id='word_1_207' title='bbox 870 2957 984 3023; x_wconf 86' lang='lat' dir='ltr'>indixit</span> <span class='ocrx_word' id='word_1_208' title='bbox 1013 2957 1106 3044; x_wconf 89' lang='grc'><strong>[6666</strong></span> <span class='ocrx_word' id='word_1_209' title='bbox 1133 2955 1227 3042; x_wconf 77' lang='lat' dir='ltr'>Diale</span> <span class='ocrx_word' id='word_1_210' title='bbox 1255 2960 1305 3021; x_wconf 82' lang='lat' dir='ltr'>illc</span> <span class='ocrx_word' id='word_1_211' title='bbox 1333 2957 1512 3044; x_wconf 71' lang='lat' dir='ltr'>magfister)</span> <span class='ocrx_word' id='word_1_212' title='bbox 1535 2958 1649 3040; x_wconf 82' lang='lat' dir='ltr'>collegi</span> 
     </span>
     <span class='ocr_line' id='line_1_25' title="bbox 652 3059 1127 3128; baseline 0.004 -4"><span class='ocrx_word' id='word_1_213' title='bbox 652 3059 784 3124; x_wconf 85' lang='lat' dir='ltr'>fratrum</span> <span class='ocrx_word' id='word_1_214' title='bbox 805 3061 970 3126; x_wconf 81' lang='lat' dir='ltr'>Arvalium</span> <span class='ocrx_word' id='word_1_215' title='bbox 992 3063 1127 3128; x_wconf 88' lang='lat' dir='ltr'>nomine.</span> 
     </span>
    </p>
   </div>
   <div class='ocr_carea' id='block_1_8' title="bbox 306 3175 1629 3270">
    <p class='ocr_par' dir='ltr' id='par_1_8' title="bbox 306 3175 1629 3270">
     <span class='ocr_line' id='line_1_26' title="bbox 306 3175 1629 3270; baseline 0.005 -28"><span class='ocrx_word' id='word_1_216' title='bbox 306 3175 412 3262; x_wconf 79' lang='lat' dir='ltr'>[Nlllt.</span> <span class='ocrx_word' id='word_1_217' title='bbox 430 3179 456 3244; x_wconf 90' lang='lat' dir='ltr'>B</span> <span class='ocrx_word' id='word_1_218' title='bbox 472 3180 512 3244; x_wconf 93' lang='grc'>69</span> <span class='ocrx_word' id='word_1_219' title='bbox 530 3178 569 3243; x_wconf 91' lang='grc'>72</span> <span class='ocrx_word' id='word_1_220' title='bbox 586 3179 625 3244; x_wconf 89' lang='grc'>78</span> <span class='ocrx_word' id='word_1_221' title='bbox 649 3178 830 3266; x_wconf 84' lang='lat' dir='ltr'>mag(ist1·o)</span> <span class='ocrx_word' id='word_1_222' title='bbox 853 3184 907 3244; x_wconf 82' lang='lat' dir='ltr'>illo</span> <span class='ocrx_word' id='word_1_223' title='bbox 924 3181 948 3267; x_wconf 85' lang='lat'>¹)</span> <span class='ocrx_word' id='word_1_224' title='bbox 971 3183 1086 3266; x_wconf 84' lang='lat' dir='ltr'>collegi</span> <span class='ocrx_word' id='word_1_225' title='bbox 1111 3182 1242 3248; x_wconf 86' lang='lat' dir='ltr'>fratrum</span> <span class='ocrx_word' id='word_1_226' title='bbox 1257 3183 1422 3250; x_wconf 82' lang='lat' dir='ltr'>Arvalium</span> <span class='ocrx_word' id='word_1_227' title='bbox 1440 3179 1591 3270; x_wconf 75' lang='lat' dir='ltr'>[nomilne</span> <span class='ocrx_word' id='word_1_228' title='bbox 1604 3182 1629 3268; x_wconf 82' lang='lat'>¹)</span> 
     </span>
    </p>
   </div>
   <div class='ocr_carea' id='block_1_9' title="bbox 347 3283 1208 3370">
    <p class='ocr_par' dir='ltr' id='par_1_9' title="bbox 347 3283 1208 3370">
     <span class='ocr_line' id='line_1_27' title="bbox 347 3283 1208 3370; baseline 0.003 -23"><span class='ocrx_word' id='word_1_229' title='bbox 347 3283 399 3369; x_wconf 87' lang='grc'>81[</span> <span class='ocrx_word' id='word_1_230' title='bbox 653 3303 777 3348; x_wconf 89' lang='lat' dir='ltr'>sacrum</span> <span class='ocrx_word' id='word_1_231' title='bbox 800 3284 951 3350; x_wconf 88' lang='lat' dir='ltr'>indictum</span> <span class='ocrx_word' id='word_1_232' title='bbox 974 3285 1054 3352; x_wconf 86' lang='grc'><strong>6666</strong></span> <span class='ocrx_word' id='word_1_233' title='bbox 1076 3286 1156 3352; x_wconf 88' lang='lat' dir='ltr'>Diae</span> <span class='ocrx_word' id='word_1_234' title='bbox 1173 3285 1208 3370; x_wconf 84' lang='lat'>³).</span> 
     </span>
    </p>
   </div>
   <div class='ocr_carea' id='block_1_10' title="bbox 653 3389 1652 4093">
    <p class='ocr_par' dir='ltr' id='par_1_10' title="bbox 656 3389 1648 3528">
     <span class='ocr_line' id='line_1_28' title="bbox 656 3389 1648 3460; baseline 0.004 -22"><span class='ocrx_word' id='word_1_235' title='bbox 656 3389 674 3452; x_wconf 90' lang='lat'>¹)</span> <span class='ocrx_word' id='word_1_236' title='bbox 694 3405 751 3438; x_wconf 85' lang='lat' dir='ltr'>cam</span> <span class='ocrx_word' id='word_1_237' title='bbox 777 3389 833 3440; x_wconf 77' lang='lat' dir='ltr'>eius</span> <span class='ocrx_word' id='word_1_238' title='bbox 856 3390 921 3441; x_wconf 77' lang='lat' dir='ltr'>vices</span> <span class='ocrx_word' id='word_1_239' title='bbox 937 3391 1009 3458; x_wconf 76' lang='lat' dir='ltr'>facit</span> <span class='ocrx_word' id='word_1_240' title='bbox 1029 3393 1218 3460; x_wconf 66' lang='lat' dir='ltr'>proaroyiater,</span> <span class='ocrx_word' id='word_1_241' title='bbox 1242 3392 1279 3443; x_wconf 80' lang='lat' dir='ltr'>ric</span> <span class='ocrx_word' id='word_1_242' title='bbox 1299 3392 1460 3460; x_wconf 82' lang='lat' dir='ltr'>concipitur:</span> <span class='ocrx_word' id='word_1_243' title='bbox 1488 3390 1648 3458; x_wconf 81' lang='lat' dir='ltr'>magisterio</span> 
     </span>
     <span class='ocr_line' id='line_1_29' title="bbox 696 3457 1326 3528; baseline 0.003 -18"><span class='ocrx_word' id='word_1_244' title='bbox 696 3457 768 3510; x_wconf 80' lang='lat' dir='ltr'>illias</span> <span class='ocrx_word' id='word_1_245' title='bbox 787 3459 971 3528; x_wconf 83' lang='lat' dir='ltr'>promagistro</span> <span class='ocrx_word' id='word_1_246' title='bbox 990 3461 1048 3513; x_wconf 83' lang='lat' dir='ltr'>illo:</span> <span class='ocrx_word' id='word_1_247' title='bbox 1069 3465 1106 3514; x_wconf 80' lang='lat' dir='ltr'>sie</span> <span class='ocrx_word' id='word_1_248' title='bbox 1126 3467 1158 3516; x_wconf 87' lang='grc'>69</span> <span class='ocrx_word' id='word_1_249' title='bbox 1178 3465 1212 3515; x_wconf 84' lang='grc'>72</span> <span class='ocrx_word' id='word_1_250' title='bbox 1231 3465 1264 3515; x_wconf 88' lang='grc'>78</span> <span class='ocrx_word' id='word_1_251' title='bbox 1283 3465 1326 3516; x_wconf 78' lang='lat' dir='ltr'>er.</span> 
     </span>
    </p>

    <p class='ocr_par' dir='ltr' id='par_1_11' title="bbox 653 3525 1652 4024">
     <span class='ocr_line' id='line_1_30' title="bbox 653 3525 1650 3601; baseline 0.001 -20"><span class='ocrx_word' id='word_1_252' title='bbox 653 3525 673 3596; x_wconf 78' lang='lat'>²)</span> <span class='ocrx_word' id='word_1_253' title='bbox 694 3567 758 3582; x_wconf 88' lang='lat'><strong>....</strong></span> <span class='ocrx_word' id='word_1_254' title='bbox 780 3545 812 3582; x_wconf 87' lang='grc'>66</span> <span class='ocrx_word' id='word_1_255' title='bbox 832 3531 873 3595; x_wconf 82' lang='grc'>72,</span> <span class='ocrx_word' id='word_1_256' title='bbox 894 3549 1013 3586; x_wconf 94' lang='grc'><strong>...6</strong></span> <span class='ocrx_word' id='word_1_257' title='bbox 1033 3533 1074 3598; x_wconf 88' lang='grc'>69,</span> <span class='ocrx_word' id='word_1_258' title='bbox 1095 3535 1220 3584; x_wconf 78' lang='lat' dir='ltr'>omittitur</span> <span class='ocrx_word' id='word_1_259' title='bbox 1239 3536 1280 3596; x_wconf 88' lang='grc'>78,</span> <span class='ocrx_word' id='word_1_260' title='bbox 1300 3533 1455 3601; x_wconf 79' lang='lat' dir='ltr'>videturque</span> <span class='ocrx_word' id='word_1_261' title='bbox 1474 3533 1531 3586; x_wconf 80' lang='lat' dir='ltr'>ilem</span> <span class='ocrx_word' id='word_1_262' title='bbox 1551 3535 1650 3600; x_wconf 66' lang='lat' dir='ltr'>esraitae</span> 
     </span>
     <span class='ocr_line' id='line_1_31' title="bbox 697 3599 1652 3669; baseline 0.004 -20"><span class='ocrx_word' id='word_1_263' title='bbox 697 3619 714 3650; x_wconf 87' lang='lat' dir='ltr'>a</span> <span class='ocrx_word' id='word_1_264' title='bbox 731 3599 812 3651; x_wconf 83' lang='lat' dir='ltr'>It&#39;Eff.</span> <span class='ocrx_word' id='word_1_265' title='bbox 828 3601 859 3666; x_wconf 91' lang='lat' dir='ltr'>B,</span> <span class='ocrx_word' id='word_1_266' title='bbox 879 3603 923 3654; x_wconf 85' lang='lat' dir='ltr'>ubi</span> <span class='ocrx_word' id='word_1_267' title='bbox 935 3606 1039 3655; x_wconf 80' lang='lat' dir='ltr'>omnino</span> <span class='ocrx_word' id='word_1_268' title='bbox 1051 3606 1218 3656; x_wconf 78' lang='lat' dir='ltr'>statuendam</span> <span class='ocrx_word' id='word_1_269' title='bbox 1231 3617 1268 3655; x_wconf 81' lang='lat' dir='ltr'>eet</span> <span class='ocrx_word' id='word_1_270' title='bbox 1281 3607 1378 3654; x_wconf 76' lang='lat' dir='ltr'>omissa</span> <span class='ocrx_word' id='word_1_271' title='bbox 1396 3621 1450 3655; x_wconf 79' lang='lat' dir='ltr'>erae</span> <span class='ocrx_word' id='word_1_272' title='bbox 1462 3605 1541 3656; x_wconf 81' lang='lat' dir='ltr'>rerba</span> <span class='ocrx_word' id='word_1_273' title='bbox 1552 3603 1652 3669; x_wconf 84' lang='lat' dir='ltr'>collegi</span> 
     </span>
     <span class='ocr_line' id='line_1_32' title="bbox 698 3672 1651 3742; baseline -0.002 -18"><span class='ocrx_word' id='word_1_274' title='bbox 698 3697 729 3708; x_wconf 90' lang='lat'><em>-</em></span> <span class='ocrx_word' id='word_1_275' title='bbox 757 3672 874 3726; x_wconf 86' lang='lat' dir='ltr'>nomine.</span> <span class='ocrx_word' id='word_1_276' title='bbox 920 3673 1023 3726; x_wconf 80' lang='lat' dir='ltr'>Littera</span> <span class='ocrx_word' id='word_1_277' title='bbox 1048 3678 1116 3728; x_wconf 79' lang='lat' dir='ltr'>caim</span> <span class='ocrx_word' id='word_1_278' title='bbox 1144 3691 1211 3742; x_wconf 84' lang='lat' dir='ltr'>qaae</span> <span class='ocrx_word' id='word_1_279' title='bbox 1234 3685 1294 3740; x_wconf 77' lang='lat' dir='ltr'>poet</span> <span class='ocrx_word' id='word_1_280' title='bbox 1323 3675 1425 3726; x_wconf 68' lang='lat' dir='ltr'>litteras</span> <span class='ocrx_word' id='word_1_281' title='bbox 1452 3691 1479 3724; x_wconf 92' lang='lat' dir='ltr'>ro</span> <span class='ocrx_word' id='word_1_282' title='bbox 1511 3676 1651 3727; x_wconf 77' lang='lat' dir='ltr'>dimidiam</span> 
     </span>
     <span class='ocr_line' id='line_1_33' title="bbox 697 3745 1649 3812; baseline 0.002 -20"><span class='ocrx_word' id='word_1_283' title='bbox 697 3751 779 3805; x_wconf 79' lang='lat' dir='ltr'>extat,</span> <span class='ocrx_word' id='word_1_284' title='bbox 805 3761 857 3794; x_wconf 84' lang='lat' dir='ltr'>non</span> <span class='ocrx_word' id='word_1_285' title='bbox 878 3755 962 3809; x_wconf 84' lang='lat' dir='ltr'>potest</span> <span class='ocrx_word' id='word_1_286' title='bbox 977 3746 1067 3812; x_wconf 81' lang='lat' dir='ltr'>fuisse</span> <span class='ocrx_word' id='word_1_287' title='bbox 1086 3763 1114 3810; x_wconf 94' lang='lat' dir='ltr'>c,</span> <span class='ocrx_word' id='word_1_288' title='bbox 1134 3747 1180 3797; x_wconf 80' lang='lat' dir='ltr'>aed</span> <span class='ocrx_word' id='word_1_289' title='bbox 1200 3764 1251 3812; x_wconf 84' lang='lat' dir='ltr'>pro</span> <span class='ocrx_word' id='word_1_290' title='bbox 1276 3762 1291 3798; x_wconf 94' lang='grc' dir='ltr'>ο</span> <span class='ocrx_word' id='word_1_291' title='bbox 1311 3745 1431 3796; x_wconf 82' lang='lat' dir='ltr'>babendo</span> <span class='ocrx_word' id='word_1_292' title='bbox 1450 3755 1497 3797; x_wconf 81' lang='lat' dir='ltr'>ert.</span> <span class='ocrx_word' id='word_1_293' title='bbox 1534 3746 1649 3803; x_wconf 79' lang='lat' dir='ltr'>Accedit,</span> 
     </span>
     <span class='ocr_line' id='line_1_34' title="bbox 697 3813 1649 3884; baseline 0.004 -22"><span class='ocrx_word' id='word_1_294' title='bbox 697 3813 780 3878; x_wconf 80' lang='lat' dir='ltr'>quod,</span> <span class='ocrx_word' id='word_1_295' title='bbox 805 3817 829 3864; x_wconf 81' lang='lat' dir='ltr'>ei</span> <span class='ocrx_word' id='word_1_296' title='bbox 853 3819 912 3881; x_wconf 80' lang='lat' dir='ltr'>quic</span> <span class='ocrx_word' id='word_1_297' title='bbox 930 3819 1058 3882; x_wconf 80' lang='lat' dir='ltr'>reciperet</span> <span class='ocrx_word' id='word_1_298' title='bbox 1078 3817 1282 3882; x_wconf 80' lang='lat' dir='ltr'>supplementum</span> <span class='ocrx_word' id='word_1_299' title='bbox 1302 3815 1414 3884; x_wconf 75' lang='lat' dir='ltr'>ctollegi</span> <span class='ocrx_word' id='word_1_300' title='bbox 1433 3815 1544 3868; x_wconf 82' lang='lat' dir='ltr'>fratrum</span> <span class='ocrx_word' id='word_1_301' title='bbox 1565 3817 1649 3868; x_wconf 81' lang='lat' dir='ltr'>Arra·</span> 
     </span>
     <span class='ocr_line' id='line_1_35' title="bbox 697 3881 1648 3955; baseline 0.003 -22"><span class='ocrx_word' id='word_1_302' title='bbox 697 3881 787 3949; x_wconf 79' lang='lat' dir='ltr'>liuml,</span> <span class='ocrx_word' id='word_1_303' title='bbox 811 3886 890 3936; x_wconf 85' lang='lat' dir='ltr'>etiam</span> <span class='ocrx_word' id='word_1_304' title='bbox 912 3887 1006 3937; x_wconf 80' lang='lat' dir='ltr'>omisca</span> <span class='ocrx_word' id='word_1_305' title='bbox 1029 3889 1106 3940; x_wconf 75' lang='lat' dir='ltr'>cerdo</span> <span class='ocrx_word' id='word_1_306' title='bbox 1125 3888 1194 3955; x_wconf 82' lang='lat' dir='ltr'>qaod</span> <span class='ocrx_word' id='word_1_307' title='bbox 1212 3899 1250 3940; x_wconf 84' lang='lat' dir='ltr'>est</span> <span class='ocrx_word' id='word_1_308' title='bbox 1269 3887 1378 3939; x_wconf 78' lang='lat' dir='ltr'>nomiae</span> <span class='ocrx_word' id='word_1_309' title='bbox 1402 3905 1525 3940; x_wconf 74' lang='lat' dir='ltr'>arcator-m</span> <span class='ocrx_word' id='word_1_310' title='bbox 1551 3888 1648 3940; x_wconf 80' lang='lat' dir='ltr'>littera·</span> 
     </span>
     <span class='ocr_line' id='line_1_36' title="bbox 695 3961 1337 4024; baseline 0.011 -21"><span class='ocrx_word' id='word_1_311' title='bbox 695 3971 754 4004; x_wconf 77' lang='lat' dir='ltr'>rum</span> <span class='ocrx_word' id='word_1_312' title='bbox 773 3965 915 4008; x_wconf 81' lang='lat' dir='ltr'>ceterorum</span> <span class='ocrx_word' id='word_1_313' title='bbox 932 3975 1052 4009; x_wconf 71' lang='grc'><strong>66666666</strong></span> <span class='ocrx_word' id='word_1_314' title='bbox 1071 3961 1175 4011; x_wconf 85' lang='lat' dir='ltr'>modam</span> <span class='ocrx_word' id='word_1_315' title='bbox 1194 3969 1337 4024; x_wconf 73' lang='lat' dir='ltr'>superarer.</span> 
     </span>
    </p>

    <p class='ocr_par' dir='ltr' id='par_1_12' title="bbox 654 4023 1649 4093">
     <span class='ocr_line' id='line_1_37' title="bbox 654 4023 1649 4093; baseline 0.005 -16"><span class='ocrx_word' id='word_1_316' title='bbox 654 4023 674 4093; x_wconf 70' lang='grc' dir='ltr'>Ι[</span> <span class='ocrx_word' id='word_1_317' title='bbox 694 4038 800 4078; x_wconf 84' lang='lat' dir='ltr'>sacrum</span> <span class='ocrx_word' id='word_1_318' title='bbox 818 4025 952 4080; x_wconf 89' lang='lat' dir='ltr'>indictum</span> <span class='ocrx_word' id='word_1_319' title='bbox 971 4027 1040 4082; x_wconf 86' lang='grc'><strong>6666</strong></span> <span class='ocrx_word' id='word_1_320' title='bbox 1051 4029 1119 4082; x_wconf 87' lang='lat' dir='ltr'>Diae</span> <span class='ocrx_word' id='word_1_321' title='bbox 1139 4029 1172 4084; x_wconf 90' lang='grc'>78</span> <span class='ocrx_word' id='word_1_322' title='bbox 1174 4064 1473 4092; x_wconf 89' lang='grc'><strong>............</strong></span> <span class='ocrx_word' id='word_1_323' title='bbox 1493 4027 1595 4082; x_wconf 89' lang='lat' dir='ltr'>dictum</span> <span class='ocrx_word' id='word_1_324' title='bbox 1609 4029 1649 4086; x_wconf 84' lang='grc'>69,</span> 
     </span>
    </p>
   </div>
   <div class='ocr_carea' id='block_1_11' title="bbox 696 4097 1648 4224">
    <p class='ocr_par' dir='ltr' id='par_1_13' title="bbox 696 4097 1648 4224">
     <span class='ocr_line' id='line_1_38' title="bbox 697 4097 1648 4165; baseline 0.001 -18"><span class='ocrx_word' id='word_1_325' title='bbox 697 4109 729 4148; x_wconf 87' lang='grc'>66</span> <span class='ocrx_word' id='word_1_326' title='bbox 748 4133 941 4152; x_wconf 86' lang='grc'><strong>........</strong></span> <span class='ocrx_word' id='word_1_327' title='bbox 961 4103 1034 4152; x_wconf 89' lang='lat' dir='ltr'>ctum</span> <span class='ocrx_word' id='word_1_328' title='bbox 1054 4101 1087 4153; x_wconf 89' lang='grc'>72</span> <span class='ocrx_word' id='word_1_329' title='bbox 1093 4137 1284 4165; x_wconf 89' lang='grc'><strong>........</strong></span> <span class='ocrx_word' id='word_1_330' title='bbox 1304 4097 1419 4153; x_wconf 89' lang='lat' dir='ltr'>rificium</span> <span class='ocrx_word' id='word_1_331' title='bbox 1438 4098 1465 4152; x_wconf 92' lang='lat' dir='ltr'>ia</span> <span class='ocrx_word' id='word_1_332' title='bbox 1485 4135 1648 4158; x_wconf 81' lang='grc'><strong>.......</strong></span> 
     </span>
     <span class='ocr_line' id='line_1_39' title="bbox 696 4167 1001 4224; baseline 0.007 -4"><span class='ocrx_word' id='word_1_333' title='bbox 696 4168 846 4224; x_wconf 76' lang='grc'><strong>....766</strong></span> <span class='ocrx_word' id='word_1_334' title='bbox 865 4167 1001 4222; x_wconf 72' lang='lat' dir='ltr'><strong>NERB.</strong></span> 
     </span>
    </p>
   </div>
   <div class='ocr_carea' id='block_1_12' title="bbox 657 4269 1649 4362">
    <p class='ocr_par' dir='ltr' id='par_1_14' title="bbox 657 4269 1649 4362">
     <span class='ocr_line' id='line_1_40' title="bbox 657 4269 1649 4362; baseline -0.001 -24"><span class='ocrx_word' id='word_1_335' title='bbox 657 4269 809 4352; x_wconf 84' lang='lat' dir='ltr'>magistro</span> <span class='ocrx_word' id='word_1_336' title='bbox 833 4275 887 4338; x_wconf 80' lang='lat' dir='ltr'>illo</span> <span class='ocrx_word' id='word_1_337' title='bbox 905 4272 926 4358; x_wconf 88' lang='lat'>¹)</span> <span class='ocrx_word' id='word_1_338' title='bbox 952 4272 1088 4362; x_wconf 79' lang='lat' dir='ltr'>[collegi]</span> <span class='ocrx_word' id='word_1_339' title='bbox 1118 4275 1251 4340; x_wconf 83' lang='lat' dir='ltr'>fratrum</span> <span class='ocrx_word' id='word_1_340' title='bbox 1272 4272 1438 4340; x_wconf 83' lang='lat' dir='ltr'>Arvalium</span> <span class='ocrx_word' id='word_1_341' title='bbox 1460 4293 1585 4340; x_wconf 90' lang='lat' dir='ltr'>sacram</span> <span class='ocrx_word' id='word_1_342' title='bbox 1608 4273 1649 4337; x_wconf 92' lang='lat' dir='ltr'>in·</span> 
     </span>
    </p>
   </div>
   <div class='ocr_carea' id='block_1_13' title="bbox 656 4373 1448 4464">
    <p class='ocr_par' dir='ltr' id='par_1_15' title="bbox 656 4373 1448 4464">
     <span class='ocr_line' id='line_1_41' title="bbox 656 4373 1448 4464; baseline 0.003 -25"><span class='ocrx_word' id='word_1_343' title='bbox 656 4373 772 4440; x_wconf 92' lang='lat' dir='ltr'>dictum</span> <span class='ocrx_word' id='word_1_344' title='bbox 795 4374 875 4442; x_wconf 86' lang='grc'><strong>6666</strong></span> <span class='ocrx_word' id='word_1_345' title='bbox 897 4377 978 4444; x_wconf 85' lang='lat' dir='ltr'>Diae</span> <span class='ocrx_word' id='word_1_346' title='bbox 1000 4400 1056 4464; x_wconf 84' lang='lat' dir='ltr'>per</span> <span class='ocrx_word' id='word_1_347' title='bbox 1078 4382 1164 4444; x_wconf 78' lang='lat' dir='ltr'>illum</span> <span class='ocrx_word' id='word_1_348' title='bbox 1185 4377 1398 4463; x_wconf 82' lang='lat' dir='ltr'>mag(istrum)</span> <span class='ocrx_word' id='word_1_349' title='bbox 1426 4377 1448 4463; x_wconf 91' lang='lat'>).</span> 
     </span>
    </p>
   </div>
   <div class='ocr_carea' id='block_1_14' title="bbox 654 4481 1499 4623">
    <p class='ocr_par' dir='ltr' id='par_1_16' title="bbox 654 4481 1499 4623">
     <span class='ocr_line' id='line_1_42' title="bbox 654 4481 1499 4552; baseline 0.005 -20"><span class='ocrx_word' id='word_1_350' title='bbox 654 4481 674 4546; x_wconf 90' lang='lat'>¹)</span> <span class='ocrx_word' id='word_1_351' title='bbox 693 4482 723 4532; x_wconf 79' lang='lat' dir='ltr'>in</span> <span class='ocrx_word' id='word_1_352' title='bbox 741 4482 805 4534; x_wconf 73' lang='lat' dir='ltr'>acris</span> <span class='ocrx_word' id='word_1_353' title='bbox 824 4501 849 4536; x_wconf 82' lang='lat' dir='ltr'>a.</span> <span class='ocrx_word' id='word_1_354' title='bbox 868 4483 902 4536; x_wconf 83' lang='lat'>86</span> <span class='ocrx_word' id='word_1_355' title='bbox 920 4493 958 4534; x_wconf 78' lang='lat' dir='ltr'>est</span> <span class='ocrx_word' id='word_1_356' title='bbox 976 4482 1135 4552; x_wconf 75' lang='lat' dir='ltr'>magisterio</span> <span class='ocrx_word' id='word_1_357' title='bbox 1154 4484 1229 4537; x_wconf 77' lang='lat' dir='ltr'>illiue</span> <span class='ocrx_word' id='word_1_358' title='bbox 1247 4481 1430 4552; x_wconf 80' lang='lat' dir='ltr'>promagistro</span> <span class='ocrx_word' id='word_1_359' title='bbox 1449 4482 1499 4536; x_wconf 81' lang='lat' dir='ltr'>illo.</span> 
     </span>
     <span class='ocr_line' id='line_1_43' title="bbox 655 4548 1131 4623; baseline 0.008 -20"><span class='ocrx_word' id='word_1_360' title='bbox 655 4548 675 4618; x_wconf 81' lang='lat'>²)</span> <span class='ocrx_word' id='word_1_361' title='bbox 695 4553 837 4605; x_wconf 71' lang='lat' dir='ltr'>iaifedem</span> <span class='ocrx_word' id='word_1_362' title='bbox 856 4564 893 4605; x_wconf 74' lang='lat' dir='ltr'>cer</span> <span class='ocrx_word' id='word_1_363' title='bbox 911 4557 1131 4623; x_wconf 79' lang='lat' dir='ltr'>promagistrum.</span> 
     </span>
    </p>
   </div>
   <div class='ocr_carea' id='block_1_15' title="bbox 653 4655 1646 5008">
    <p class='ocr_par' dir='ltr' id='par_1_17' title="bbox 659 4655 1646 4745">
     <span class='ocr_line' id='line_1_44' title="bbox 659 4655 1646 4745; baseline 0.001 -26"><span class='ocrx_word' id='word_1_364' title='bbox 659 4656 711 4720; x_wconf 84' lang='lat' dir='ltr'>ifle</span> <span class='ocrx_word' id='word_1_365' title='bbox 732 4656 885 4738; x_wconf 85' lang='lat' dir='ltr'>magister</span> <span class='ocrx_word' id='word_1_366' title='bbox 902 4655 924 4742; x_wconf 86' lang='lat'>¹)</span> <span class='ocrx_word' id='word_1_367' title='bbox 949 4655 1161 4745; x_wconf 77' lang='lat' dir='ltr'>[saclrificium</span> <span class='ocrx_word' id='word_1_368' title='bbox 1176 4655 1257 4726; x_wconf 88' lang='grc'><strong>6666</strong></span> <span class='ocrx_word' id='word_1_369' title='bbox 1272 4657 1353 4726; x_wconf 86' lang='lat' dir='ltr'>Diae</span> <span class='ocrx_word' id='word_1_370' title='bbox 1374 4660 1407 4724; x_wconf 94' lang='lat' dir='ltr'>in</span> <span class='ocrx_word' id='word_1_371' title='bbox 1430 4656 1512 4724; x_wconf 91' lang='lat' dir='ltr'>hunc</span> <span class='ocrx_word' id='word_1_372' title='bbox 1534 4672 1646 4724; x_wconf 87' lang='lat' dir='ltr'>aunum</span> 
     </span>
    </p>

    <p class='ocr_par' dir='ltr' id='par_1_18' title="bbox 653 4759 843 4828">
     <span class='ocr_line' id='line_1_45' title="bbox 653 4759 843 4828; baseline -0.011 -1"><span class='ocrx_word' id='word_1_373' title='bbox 653 4759 699 4828; x_wconf 91' lang='lat' dir='ltr'>sic</span> <span class='ocrx_word' id='word_1_374' title='bbox 721 4760 843 4825; x_wconf 84' lang='lat' dir='ltr'>indixit.</span> 
     </span>
    </p>

    <p class='ocr_par' dir='ltr' id='par_1_19' title="bbox 659 4861 1645 5008">
     <span class='ocr_line' id='line_1_46' title="bbox 659 4861 1645 4939; baseline -0.003 -20"><span class='ocrx_word' id='word_1_375' title='bbox 659 4868 676 4934; x_wconf 94' lang='lat'>¹)</span> <span class='ocrx_word' id='word_1_376' title='bbox 695 4867 725 4919; x_wconf 76' lang='lat' dir='ltr'>in</span> <span class='ocrx_word' id='word_1_377' title='bbox 742 4869 810 4918; x_wconf 73' lang='lat' dir='ltr'>aeris</span> <span class='ocrx_word' id='word_1_378' title='bbox 828 4885 854 4920; x_wconf 85' lang='lat' dir='ltr'>a.</span> <span class='ocrx_word' id='word_1_379' title='bbox 873 4867 907 4922; x_wconf 88' lang='grc'>87</span> <span class='ocrx_word' id='word_1_380' title='bbox 926 4876 963 4920; x_wconf 79' lang='lat' dir='ltr'>ert</span> <span class='ocrx_word' id='word_1_381' title='bbox 988 4864 1072 4920; x_wconf 84' lang='lat' dir='ltr'>frater</span> <span class='ocrx_word' id='word_1_382' title='bbox 1097 4866 1210 4922; x_wconf 83' lang='lat' dir='ltr'>Arvalis</span> <span class='ocrx_word' id='word_1_383' title='bbox 1240 4869 1286 4939; x_wconf 88' lang='lat' dir='ltr'>qai</span> <span class='ocrx_word' id='word_1_384' title='bbox 1314 4863 1396 4936; x_wconf 76' lang='lat' dir='ltr'>vfice]</span> <span class='ocrx_word' id='word_1_385' title='bbox 1429 4869 1499 4922; x_wconf 75' lang='lat' dir='ltr'>illim</span> <span class='ocrx_word' id='word_1_386' title='bbox 1526 4861 1645 4936; x_wconf 73' lang='lat' dir='ltr'>magistri</span> 
     </span>
     <span class='ocr_line' id='line_1_47' title="bbox 696 4936 868 5008; baseline 0 -16"><span class='ocrx_word' id='word_1_387' title='bbox 696 4936 868 5008; x_wconf 81' lang='lat' dir='ltr'>fungebatur.</span> 
     </span>
    </p>
   </div>
   <div class='ocr_carea' id='block_1_16' title="bbox 0 0 1801 5592">
    <p class='ocr_par' dir='ltr' id='par_1_20' title="bbox 0 0 1801 5592">
     <span class='ocr_line' id='line_1_48' title="bbox 0 0 1801 5592; baseline 0 0"><span class='ocrx_word' id='word_1_388' title='bbox 0 0 1801 5592; x_wconf 95' lang='lat' dir='ltr'> </span> 
     </span>
    </p>
   </div>
  </div>
 </body>
</html>
