<?xml version="1.0" encoding="UTF-8"?>
<!DOCTYPE html PUBLIC "-//W3C//DTD XHTML 1.0 Transitional//EN"
    "http://www.w3.org/TR/xhtml1/DTD/xhtml1-transitional.dtd">
<html xmlns="http://www.w3.org/1999/xhtml" xml:lang="en" lang="en">
 <head>
  <title>
</title>
<meta http-equiv="Content-Type" content="text/html;charset=utf-8" />
  <meta name='ocr-system' content='tesseract 3.04.00' />
  <meta name='ocr-capabilities' content='ocr_page ocr_carea ocr_par ocr_line ocrx_word'/>
</head>
<body>
  <div class='ocr_page' id='page_1' title='image "./actafratrumarva01henzgoog_0065.png"; bbox 0 0 3644 5592; ppageno 0'>
   <div class='ocr_carea' id='block_1_1' title="bbox 309 330 1062 398">
    <p class='ocr_par' dir='ltr' id='par_1_1' title="bbox 309 330 1062 398">
     <span class='ocr_line' id='line_1_1' title="bbox 309 330 1062 398; baseline -0.016 -1"><span class='ocrx_word' id='word_1_1' title='bbox 309 353 383 398; x_wconf 79' lang='lat' dir='ltr'><strong><em>xum</em></strong></span> <span class='ocrx_word' id='word_1_2' title='bbox 901 330 932 386; x_wconf 83' lang='lat'><strong><em>0.</em></strong></span> <span class='ocrx_word' id='word_1_3' title='bbox 951 331 1062 387; x_wconf 77' lang='lat' dir='ltr'><strong><em>Caesar.</em></strong></span> 
     </span>
    </p>
   </div>
   <div class='ocr_carea' id='block_1_2' title="bbox 187 505 1721 1206">
    <p class='ocr_par' dir='ltr' id='par_1_2' title="bbox 187 505 1721 1206">
     <span class='ocr_line' id='line_1_2' title="bbox 207 505 1719 588; baseline 0 -18"><span class='ocrx_word' id='word_1_4' title='bbox 207 533 228 562; x_wconf 74' lang='lat' dir='ltr'><strong><em>a·</em></strong></span> <span class='ocrx_word' id='word_1_5' title='bbox 248 523 273 562; x_wconf 75' lang='lat'><strong><em>³⁸</em></strong></span> <span class='ocrx_word' id='word_1_6' title='bbox 354 507 475 588; x_wconf 87' lang='lat' dir='ltr'><strong><em>Appius</em></strong></span> <span class='ocrx_word' id='word_1_7' title='bbox 495 507 605 568; x_wconf 79' lang='lat' dir='ltr'><strong><em>Iunius</em></strong></span> <span class='ocrx_word' id='word_1_8' title='bbox 625 505 761 570; x_wconf 79' lang='lat' dir='ltr'><strong>Silanus.</strong></span> <span class='ocrx_word' id='word_1_9' title='bbox 1690 521 1719 560; x_wconf 78' lang='lat'><strong><em>28</em></strong></span> 
     </span>
     <span class='ocr_line' id='line_1_3' title="bbox 187 606 1046 694; baseline -0.001 -21"><span class='ocrx_word' id='word_1_10' title='bbox 187 610 231 649; x_wconf 59' lang='grc' dir='ltr'>Μ</span> <span class='ocrx_word' id='word_1_11' title='bbox 249 611 273 648; x_wconf 73' lang='lat'><strong><em>²⁴</em></strong></span> <span class='ocrx_word' id='word_1_12' title='bbox 352 609 454 694; x_wconf 71' lang='lat' dir='ltr'><strong><em>alate)</em></strong></span> <span class='ocrx_word' id='word_1_13' title='bbox 477 607 588 690; x_wconf 78' lang='lat' dir='ltr'><strong><em>dtiem)</em></strong></span> <span class='ocrx_word' id='word_1_14' title='bbox 611 607 706 673; x_wconf 92' lang='lat' dir='ltr'>VIIII</span> <span class='ocrx_word' id='word_1_15' title='bbox 727 606 913 688; x_wconf 79' lang='lat' dir='ltr'><strong><em>k(alendasl</em></strong></span> <span class='ocrx_word' id='word_1_16' title='bbox 936 607 1046 672; x_wconf 88' lang='lat' dir='ltr'><strong><em>Iunias</em></strong></span> 
     </span>
     <span class='ocr_line' id='line_1_4' title="bbox 311 709 1721 794; baseline 0.001 -19"><span class='ocrx_word' id='word_1_17' title='bbox 311 714 430 776; x_wconf 80' lang='lat' dir='ltr'><strong><em>Taurus</em></strong></span> <span class='ocrx_word' id='word_1_18' title='bbox 444 712 586 776; x_wconf 75' lang='lat' dir='ltr'><strong><em>Statilius</em></strong></span> <span class='ocrx_word' id='word_1_19' title='bbox 602 713 754 777; x_wconf 88' lang='lat' dir='ltr'><strong><em>Corvinus</em></strong></span> <span class='ocrx_word' id='word_1_20' title='bbox 775 711 987 794; x_wconf 83' lang='lat' dir='ltr'><strong><em>promagister</em></strong></span> <span class='ocrx_word' id='word_1_21' title='bbox 1009 709 1136 791; x_wconf 81' lang='lat' dir='ltr'><strong><em>collegii</em></strong></span> <span class='ocrx_word' id='word_1_22' title='bbox 1158 709 1291 775; x_wconf 83' lang='lat' dir='ltr'><strong>fratrum</strong></span> <span class='ocrx_word' id='word_1_23' title='bbox 1307 711 1470 778; x_wconf 78' lang='lat' dir='ltr'><strong>Arvalium</strong></span> <span class='ocrx_word' id='word_1_24' title='bbox 1491 716 1612 776; x_wconf 80' lang='lat' dir='ltr'><strong><em>nomino</em></strong></span> <span class='ocrx_word' id='word_1_25' title='bbox 1629 717 1663 776; x_wconf 85' lang='lat' dir='ltr'><strong><em>ia</em></strong></span> <span class='ocrx_word' id='word_1_26' title='bbox 1693 725 1721 762; x_wconf 54' lang='grc' dir='ltr'>Ν</span> 
     </span>
     <span class='ocr_line' id='line_1_5' title="bbox 354 813 1663 900; baseline 0.001 -21"><span class='ocrx_word' id='word_1_27' title='bbox 354 817 507 899; x_wconf 87' lang='lat' dir='ltr'><strong><em>Capitolio</em></strong></span> <span class='ocrx_word' id='word_1_28' title='bbox 522 813 547 899; x_wconf 85' lang='lat'><strong><em>²)</em></strong></span> <span class='ocrx_word' id='word_1_29' title='bbox 575 816 676 878; x_wconf 83' lang='lat' dir='ltr'><strong><em>natali</em></strong></span> <span class='ocrx_word' id='word_1_30' title='bbox 698 813 878 879; x_wconf 85' lang='lat' dir='ltr'><strong><em>Germanici</em></strong></span> <span class='ocrx_word' id='word_1_31' title='bbox 902 813 1049 879; x_wconf 79' lang='lat' dir='ltr'><strong>Caesaris</strong></span> <span class='ocrx_word' id='word_1_32' title='bbox 1078 813 1148 878; x_wconf 87' lang='lat' dir='ltr'><strong><em>Iovi</em></strong></span> <span class='ocrx_word' id='word_1_33' title='bbox 1177 815 1324 898; x_wconf 88' lang='lat' dir='ltr'><strong><em>c(ptimo)</em></strong></span> <span class='ocrx_word' id='word_1_34' title='bbox 1350 815 1517 900; x_wconf 76' lang='lat' dir='ltr'><strong><em>mtaximc)</em></strong></span> <span class='ocrx_word' id='word_1_35' title='bbox 1545 815 1663 883; x_wconf 80' lang='lat' dir='ltr'><strong><em>bovem</em></strong></span> 
     </span>
     <span class='ocr_line' id='line_1_6' title="bbox 1346 916 1662 1020; baseline 0.009 -39"><span class='ocrx_word' id='word_1_36' title='bbox 1346 916 1470 1020; x_wconf 64' lang='lat' dir='ltr'><strong><em>{marem</em></strong></span> <span class='ocrx_word' id='word_1_37' title='bbox 1490 924 1662 986; x_wconf 72' lang='lat' dir='ltr'><strong><em>inmolavit.</em></strong></span> 
     </span>
     <span class='ocr_line' id='line_1_7' title="bbox 188 1017 1020 1104; baseline -0.002 -18"><span class='ocrx_word' id='word_1_38' title='bbox 188 1031 232 1071; x_wconf 81' lang='lat' dir='ltr'><strong><em>mr</em></strong></span> <span class='ocrx_word' id='word_1_39' title='bbox 253 1031 278 1070; x_wconf 73' lang='lat'><strong><em>²⁴</em></strong></span> <span class='ocrx_word' id='word_1_40' title='bbox 355 1024 522 1104; x_wconf 80' lang='lat' dir='ltr'><strong><em>eodemque</em></strong></span> <span class='ocrx_word' id='word_1_41' title='bbox 545 1019 597 1086; x_wconf 89' lang='lat' dir='ltr'><strong><em>die</em></strong></span> <span class='ocrx_word' id='word_1_42' title='bbox 619 1019 653 1084; x_wconf 92' lang='lat' dir='ltr'><strong><em>in</em></strong></span> <span class='ocrx_word' id='word_1_43' title='bbox 675 1020 756 1088; x_wconf 83' lang='lat' dir='ltr'>aede</span> <span class='ocrx_word' id='word_1_44' title='bbox 777 1021 864 1087; x_wconf 87' lang='lat' dir='ltr'><strong><em>Iovis</em></strong></span> <span class='ocrx_word' id='word_1_45' title='bbox 885 1017 1020 1086; x_wconf 87' lang='lat' dir='ltr'><strong><em>Statoris</em></strong></span> 
     </span>
     <span class='ocr_line' id='line_1_8' title="bbox 311 1122 1663 1206; baseline 0.002 -17"><span class='ocrx_word' id='word_1_46' title='bbox 311 1145 350 1189; x_wconf 81' lang='lat' dir='ltr'><strong><em>ca</em></strong></span> <span class='ocrx_word' id='word_1_47' title='bbox 372 1127 487 1190; x_wconf 82' lang='lat' dir='ltr'><strong><em>tabella</em></strong></span> <span class='ocrx_word' id='word_1_48' title='bbox 514 1125 547 1189; x_wconf 88' lang='lat' dir='ltr'><strong><em>C.</em></strong></span> <span class='ocrx_word' id='word_1_49' title='bbox 572 1124 718 1189; x_wconf 80' lang='lat' dir='ltr'><strong><em>Caesaris</em></strong></span> <span class='ocrx_word' id='word_1_50' title='bbox 740 1123 875 1206; x_wconf 84' lang='lat' dir='ltr'>Augusti</span> <span class='ocrx_word' id='word_1_51' title='bbox 898 1122 1080 1190; x_wconf 86' lang='lat' dir='ltr'><strong><em>Germanici</em></strong></span> <span class='ocrx_word' id='word_1_52' title='bbox 1107 1123 1140 1187; x_wconf 93' lang='lat' dir='ltr'><strong><em>in</em></strong></span> <span class='ocrx_word' id='word_1_53' title='bbox 1163 1123 1266 1188; x_wconf 91' lang='lat' dir='ltr'><strong><em>locum</em></strong></span> <span class='ocrx_word' id='word_1_54' title='bbox 1289 1124 1313 1190; x_wconf 88' lang='lat' dir='ltr'><strong><em>C</em></strong></span> <span class='ocrx_word' id='word_1_55' title='bbox 1337 1175 1663 1194; x_wconf 83' lang='lat'><strong>...........</strong></span> 
     </span>
    </p>
   </div>
   <div class='ocr_carea' id='block_1_3' title="bbox 189 1323 1724 2247">
    <p class='ocr_par' dir='ltr' id='par_1_3' title="bbox 189 1323 1724 2247">
     <span class='ocr_line' id='line_1_9' title="bbox 352 1323 1665 1418; baseline 0.002 -22"><span class='ocrx_word' id='word_1_56' title='bbox 352 1334 388 1396; x_wconf 86' lang='lat' dir='ltr'><strong><em>L.</em></strong></span> <span class='ocrx_word' id='word_1_57' title='bbox 405 1333 539 1396; x_wconf 82' lang='lat' dir='ltr'><strong><em>Annium</em></strong></span> <span class='ocrx_word' id='word_1_58' title='bbox 559 1330 755 1396; x_wconf 84' lang='lat' dir='ltr'><strong><em>Vinicianum</em></strong></span> <span class='ocrx_word' id='word_1_59' title='bbox 775 1337 807 1398; x_wconf 91' lang='lat' dir='ltr'><strong><em>et</em></strong></span> <span class='ocrx_word' id='word_1_60' title='bbox 827 1331 861 1396; x_wconf 92' lang='lat' dir='ltr'><strong><em>in</em></strong></span> <span class='ocrx_word' id='word_1_61' title='bbox 881 1331 983 1397; x_wconf 88' lang='lat' dir='ltr'><strong><em>locum</em></strong></span> <span class='ocrx_word' id='word_1_62' title='bbox 998 1331 1047 1396; x_wconf 80' lang='lat' dir='ltr'><strong><em>Ti.</em></strong></span> <span class='ocrx_word' id='word_1_63' title='bbox 1065 1329 1213 1398; x_wconf 82' lang='lat' dir='ltr'><strong><em>Caesaris</em></strong></span> <span class='ocrx_word' id='word_1_64' title='bbox 1228 1331 1325 1398; x_wconf 81' lang='lat' dir='ltr'><strong><em>Drusi</em></strong></span> <span class='ocrx_word' id='word_1_65' title='bbox 1342 1335 1425 1418; x_wconf 62' lang='lat' dir='ltr'><strong><em>niti)</em></strong></span> <span class='ocrx_word' id='word_1_66' title='bbox 1441 1339 1474 1400; x_wconf 86' lang='lat' dir='ltr'><strong><em>P.</em></strong></span> <span class='ocrx_word' id='word_1_67' title='bbox 1491 1323 1665 1401; x_wconf 59' lang='lat' dir='ltr'><strong><em>Mne</em></strong></span> 
     </span>
     <span class='ocr_line' id='line_1_10' title="bbox 352 1433 1720 1526; baseline 0.003 -25"><span class='ocrx_word' id='word_1_68' title='bbox 352 1435 536 1520; x_wconf 54' lang='lat' dir='ltr'><strong><em>Bupalum)</em></strong></span> <span class='ocrx_word' id='word_1_69' title='bbox 560 1445 588 1499; x_wconf 86' lang='lat' dir='ltr'><strong><em>et</em></strong></span> <span class='ocrx_word' id='word_1_70' title='bbox 609 1438 642 1498; x_wconf 88' lang='lat' dir='ltr'><strong><em>irr</em></strong></span> <span class='ocrx_word' id='word_1_71' title='bbox 665 1438 762 1500; x_wconf 86' lang='lat' dir='ltr'><strong><em>loorrm</em></strong></span> <span class='ocrx_word' id='word_1_72' title='bbox 784 1437 825 1501; x_wconf 88' lang='lat' dir='ltr'><strong><em>M.</em></strong></span> <span class='ocrx_word' id='word_1_73' title='bbox 848 1436 949 1502; x_wconf 89' lang='lat' dir='ltr'><strong><em>Silani</em></strong></span> <span class='ocrx_word' id='word_1_74' title='bbox 974 1434 1007 1501; x_wconf 86' lang='lat' dir='ltr'><strong><em>(l.</em></strong></span> <span class='ocrx_word' id='word_1_75' title='bbox 1031 1433 1108 1519; x_wconf 73' lang='lat' dir='ltr'><strong><em>diti)</em></strong></span> <span class='ocrx_word' id='word_1_76' title='bbox 1132 1435 1166 1500; x_wconf 89' lang='lat' dir='ltr'><strong><em>C.</em></strong></span> <span class='ocrx_word' id='word_1_77' title='bbox 1190 1435 1393 1522; x_wconf 82' lang='lat' dir='ltr'><strong><em>Calpurnium</em></strong></span> <span class='ocrx_word' id='word_1_78' title='bbox 1416 1439 1563 1506; x_wconf 85' lang='lat' dir='ltr'><strong><em>Pisonem</em></strong></span> <span class='ocrx_word' id='word_1_79' title='bbox 1592 1440 1664 1505; x_wconf 81' lang='lat' dir='ltr'><strong><em>iro-</em></strong></span> <span class='ocrx_word' id='word_1_80' title='bbox 1694 1489 1720 1526; x_wconf 62' lang='lat'><strong><em>,5</em></strong></span> 
     </span>
     <span class='ocr_line' id='line_1_11' title="bbox 1440 1543 1666 1646; baseline 0 -38"><span class='ocrx_word' id='word_1_81' title='bbox 1440 1543 1511 1646; x_wconf 67' lang='lat' dir='ltr'><strong><em>{tres</em></strong></span> <span class='ocrx_word' id='word_1_82' title='bbox 1530 1547 1666 1609; x_wconf 77' lang='lat' dir='ltr'><strong><em>Arvales</em></strong></span> 
     </span>
     <span class='ocr_line' id='line_1_12' title="bbox 334 1648 524 1728; baseline -0.005 -19"><span class='ocrx_word' id='word_1_83' title='bbox 334 1648 524 1728; x_wconf 78' lang='lat' dir='ltr'><strong><em>&#39;cooptavit</em></strong></span> 
     </span>
     <span class='ocr_line' id='line_1_13' title="bbox 312 1747 1668 1835; baseline 0.003 -21"><span class='ocrx_word' id='word_1_84' title='bbox 312 1751 479 1831; x_wconf 69' lang='lat' dir='ltr'><strong><em>adsuerunt</em></strong></span> <span class='ocrx_word' id='word_1_85' title='bbox 509 1749 549 1813; x_wconf 86' lang='lat' dir='ltr'><strong><em>M.</em></strong></span> <span class='ocrx_word' id='word_1_86' title='bbox 574 1750 686 1813; x_wconf 79' lang='lat' dir='ltr'><strong><em>Furius</em></strong></span> <span class='ocrx_word' id='word_1_87' title='bbox 714 1748 880 1832; x_wconf 80' lang='lat' dir='ltr'><strong><em>Camillus,</em></strong></span> <span class='ocrx_word' id='word_1_88' title='bbox 912 1747 1036 1832; x_wconf 83' lang='lat' dir='ltr'><strong><em>Appius</em></strong></span> <span class='ocrx_word' id='word_1_89' title='bbox 1069 1747 1179 1814; x_wconf 90' lang='lat' dir='ltr'><strong><em>Iunius</em></strong></span> <span class='ocrx_word' id='word_1_90' title='bbox 1208 1747 1350 1835; x_wconf 77' lang='lat' dir='ltr'><strong><em>Silanun,</em></strong></span> <span class='ocrx_word' id='word_1_91' title='bbox 1387 1751 1518 1818; x_wconf 88' lang='lat' dir='ltr'><strong><em>Paullus</em></strong></span> <span class='ocrx_word' id='word_1_92' title='bbox 1545 1753 1668 1818; x_wconf 84' lang='lat' dir='ltr'><strong><em>Fabius</em></strong></span> 
     </span>
     <span class='ocr_line' id='line_1_14' title="bbox 405 1857 1664 1924; baseline 0.011 -18"><span class='ocrx_word' id='word_1_93' title='bbox 405 1899 413 1906; x_wconf 95' lang='lat'><strong><em>.</em></strong></span> <span class='ocrx_word' id='word_1_94' title='bbox 1510 1857 1664 1924; x_wconf 87' lang='lat' dir='ltr'><strong><em>Persicus.</em></strong></span> 
     </span>
     <span class='ocr_line' id='line_1_15' title="bbox 189 1855 1654 2040; baseline -0.002 -16"><span class='ocrx_word' id='word_1_95' title='bbox 189 1970 233 2011; x_wconf 77' lang='lat' dir='ltr'><strong><em>nu</em></strong></span> <span class='ocrx_word' id='word_1_96' title='bbox 252 1971 277 2010; x_wconf 69' lang='lat'><strong><em>2⁵</em></strong></span> <span class='ocrx_word' id='word_1_97' title='bbox 357 1966 457 2038; x_wconf 71' lang='lat' dir='ltr'><strong><em>atate)</em></strong></span> <span class='ocrx_word' id='word_1_98' title='bbox 481 1960 590 2036; x_wconf 66' lang='lat' dir='ltr'><strong><em>dtiem)</em></strong></span> <span class='ocrx_word' id='word_1_99' title='bbox 618 1958 693 2021; x_wconf 87' lang='lat' dir='ltr'><strong><em>Vrrr</em></strong></span> <span class='ocrx_word' id='word_1_100' title='bbox 714 1958 831 2034; x_wconf 72' lang='lat' dir='ltr'><strong><em>(Vtro)</em></strong></span> <span class='ocrx_word' id='word_1_101' title='bbox 853 1957 1032 2032; x_wconf 72' lang='lat' dir='ltr'><strong><em>isolonrlas)</em></strong></span> <span class='ocrx_word' id='word_1_102' title='bbox 1055 1955 1164 2022; x_wconf 91' lang='lat' dir='ltr'><strong><em>Iunias</em></strong></span> <span class='ocrx_word' id='word_1_103' title='bbox 1178 1953 1203 2040; x_wconf 82' lang='lat'><strong><em>⁴)</em></strong></span> <span class='ocrx_word' id='word_1_104' title='bbox 1501 1855 1654 1958; x_wconf 56' lang='lat' dir='ltr'><strong><em>i—</em></strong></span> 
     </span>
     <span class='ocr_line' id='line_1_16' title="bbox 313 2060 1547 2144; baseline 0 -18"><span class='ocrx_word' id='word_1_105' title='bbox 313 2065 345 2126; x_wconf 88' lang='lat' dir='ltr'><strong><em>C.</em></strong></span> <span class='ocrx_word' id='word_1_106' title='bbox 368 2066 486 2127; x_wconf 84' lang='lat' dir='ltr'><strong><em>Caesar</em></strong></span> <span class='ocrx_word' id='word_1_107' title='bbox 506 2064 672 2144; x_wconf 76' lang='lat' dir='ltr'><strong><em>Aupustus·</em></strong></span> <span class='ocrx_word' id='word_1_108' title='bbox 685 2061 886 2124; x_wconf 82' lang='lat' dir='ltr'><strong><em>Germanicus</em></strong></span> <span class='ocrx_word' id='word_1_109' title='bbox 910 2060 1062 2142; x_wconf 82' lang='lat' dir='ltr'><strong><em>magister</em></strong></span> <span class='ocrx_word' id='word_1_110' title='bbox 1084 2060 1210 2143; x_wconf 85' lang='lat' dir='ltr'><strong><em>collegii</em></strong></span> <span class='ocrx_word' id='word_1_111' title='bbox 1234 2061 1364 2126; x_wconf 81' lang='lat' dir='ltr'><strong><em>fratrum</em></strong></span> <span class='ocrx_word' id='word_1_112' title='bbox 1385 2065 1547 2128; x_wconf 78' lang='lat' dir='ltr'><strong><em>Arvalium</em></strong></span> 
     </span>
     <span class='ocr_line' id='line_1_17' title="bbox 354 2161 1724 2247; baseline -0.004 -18"><span class='ocrx_word' id='word_1_113' title='bbox 354 2167 392 2229; x_wconf 87' lang='lat' dir='ltr'><strong><em>ob</em></strong></span> <span class='ocrx_word' id='word_1_114' title='bbox 414 2169 591 2230; x_wconf 81' lang='lat' dir='ltr'><strong><em>mercurium</em></strong></span> <span class='ocrx_word' id='word_1_115' title='bbox 614 2166 657 2228; x_wconf 81' lang='lat' dir='ltr'><strong><em>Pi.</em></strong></span> <span class='ocrx_word' id='word_1_116' title='bbox 682 2164 828 2230; x_wconf 85' lang='lat' dir='ltr'><strong><em>Caesaris</em></strong></span> <span class='ocrx_word' id='word_1_117' title='bbox 851 2162 903 2227; x_wconf 87' lang='lat' dir='ltr'><strong><em>avi</em></strong></span> <span class='ocrx_word' id='word_1_118' title='bbox 926 2162 984 2228; x_wconf 89' lang='lat' dir='ltr'><strong><em>sub</em></strong></span> <span class='ocrx_word' id='word_1_119' title='bbox 1007 2161 1062 2227; x_wconf 91' lang='lat' dir='ltr'><strong><em>diu</em></strong></span> <span class='ocrx_word' id='word_1_120' title='bbox 1084 2165 1117 2228; x_wconf 92' lang='lat' dir='ltr'><strong><em>in</em></strong></span> <span class='ocrx_word' id='word_1_121' title='bbox 1139 2183 1197 2230; x_wconf 89' lang='lat' dir='ltr'><strong><em>ara</em></strong></span> <span class='ocrx_word' id='word_1_122' title='bbox 1219 2169 1417 2247; x_wconf 74' lang='lat' dir='ltr'><strong><em>sacrificavit.</em></strong></span> <span class='ocrx_word' id='word_1_123' title='bbox 1696 2189 1724 2223; x_wconf 68' lang='lat' dir='ltr'><strong><em>ro</em></strong></span> 
     </span>
    </p>
   </div>
   <div class='ocr_carea' id='block_1_4' title="bbox 977 2461 998 2522">
    <p class='ocr_par' dir='ltr' id='par_1_4' title="bbox 977 2461 998 2522">
     <span class='ocr_line' id='line_1_18' title="bbox 977 2461 998 2522; baseline 0 0"><span class='ocrx_word' id='word_1_124' title='bbox 977 2461 998 2522; x_wconf 86' lang='lat' dir='ltr'><strong><em>d</em></strong></span> 
     </span>
    </p>
   </div>
   <div class='ocr_carea' id='block_1_5' title="bbox 191 2577 1797 3908">
    <p class='ocr_par' dir='ltr' id='par_1_5' title="bbox 313 2577 1718 2872">
     <span class='ocr_line' id='line_1_19' title="bbox 313 2577 1718 2663; baseline 0.002 -19"><span class='ocrx_word' id='word_1_125' title='bbox 313 2581 481 2662; x_wconf 79' lang='lat' dir='ltr'><strong><em>adfuerunt</em></strong></span> <span class='ocrx_word' id='word_1_126' title='bbox 501 2581 541 2644; x_wconf 89' lang='lat' dir='ltr'><strong><em>M.</em></strong></span> <span class='ocrx_word' id='word_1_127' title='bbox 563 2582 677 2644; x_wconf 82' lang='lat' dir='ltr'><strong><em>Furias</em></strong></span> <span class='ocrx_word' id='word_1_128' title='bbox 701 2577 861 2662; x_wconf 83' lang='lat' dir='ltr'><strong><em>Camillus,</em></strong></span> <span class='ocrx_word' id='word_1_129' title='bbox 885 2578 1008 2663; x_wconf 85' lang='lat' dir='ltr'><strong><em>Appius</em></strong></span> <span class='ocrx_word' id='word_1_130' title='bbox 1032 2577 1142 2644; x_wconf 91' lang='lat' dir='ltr'><strong><em>Iunius</em></strong></span> <span class='ocrx_word' id='word_1_131' title='bbox 1164 2579 1301 2661; x_wconf 88' lang='lat' dir='ltr'><strong><em>Silanus,</em></strong></span> <span class='ocrx_word' id='word_1_132' title='bbox 1325 2579 1380 2646; x_wconf 89' lang='lat' dir='ltr'><strong><em>Cn.</em></strong></span> <span class='ocrx_word' id='word_1_133' title='bbox 1403 2583 1556 2647; x_wconf 82' lang='lat' dir='ltr'><strong><em>Domitius</em></strong></span> <span class='ocrx_word' id='word_1_134' title='bbox 1577 2584 1665 2647; x_wconf 82' lang='lat' dir='ltr'><strong><em>Abo-</em></strong></span> <span class='ocrx_word' id='word_1_135' title='bbox 1710 2597 1718 2636; x_wconf 87' lang='lat'><strong>¹</strong></span> 
     </span>
     <span class='ocr_line' id='line_1_20' title="bbox 355 2680 1665 2768; baseline 0.002 -22"><span class='ocrx_word' id='word_1_136' title='bbox 355 2684 520 2768; x_wconf 80' lang='lat' dir='ltr'><strong><em>notorius,</em></strong></span> <span class='ocrx_word' id='word_1_137' title='bbox 542 2684 672 2748; x_wconf 88' lang='lat' dir='ltr'><strong><em>Paullus</em></strong></span> <span class='ocrx_word' id='word_1_138' title='bbox 694 2681 812 2747; x_wconf 83' lang='lat' dir='ltr'><strong><em>Fabius</em></strong></span> <span class='ocrx_word' id='word_1_139' title='bbox 834 2683 987 2763; x_wconf 85' lang='lat' dir='ltr'><strong><em>Persicus,</em></strong></span> <span class='ocrx_word' id='word_1_140' title='bbox 1011 2680 1045 2747; x_wconf 86' lang='lat' dir='ltr'><strong><em>C.</em></strong></span> <span class='ocrx_word' id='word_1_141' title='bbox 1066 2681 1204 2749; x_wconf 87' lang='lat' dir='ltr'><strong><em>Caecina</em></strong></span> <span class='ocrx_word' id='word_1_142' title='bbox 1224 2685 1358 2768; x_wconf 85' lang='lat' dir='ltr'><strong><em>Largus,</em></strong></span> <span class='ocrx_word' id='word_1_143' title='bbox 1380 2687 1504 2750; x_wconf 82' lang='lat' dir='ltr'><strong><em>Taurus</em></strong></span> <span class='ocrx_word' id='word_1_144' title='bbox 1520 2687 1665 2750; x_wconf 82' lang='lat' dir='ltr'><strong><em>Statilius</em></strong></span> 
     </span>
     <span class='ocr_line' id='line_1_21' title="bbox 356 2786 1311 2872; baseline -0.002 -21"><span class='ocrx_word' id='word_1_145' title='bbox 356 2789 515 2865; x_wconf 77' lang='lat' dir='ltr'><strong><em>Corvinum,</em></strong></span> <span class='ocrx_word' id='word_1_146' title='bbox 537 2788 572 2849; x_wconf 88' lang='lat' dir='ltr'><strong><em>L.</em></strong></span> <span class='ocrx_word' id='word_1_147' title='bbox 596 2786 719 2850; x_wconf 83' lang='lat' dir='ltr'><strong><em>Annius</em></strong></span> <span class='ocrx_word' id='word_1_148' title='bbox 742 2786 936 2872; x_wconf 77' lang='lat' dir='ltr'><strong><em>Vinicianus,</em></strong></span> <span class='ocrx_word' id='word_1_149' title='bbox 961 2788 993 2850; x_wconf 88' lang='lat' dir='ltr'><strong><em>C.</em></strong></span> <span class='ocrx_word' id='word_1_150' title='bbox 1017 2787 1203 2870; x_wconf 87' lang='lat' dir='ltr'><strong><em>Calpurnius</em></strong></span> <span class='ocrx_word' id='word_1_151' title='bbox 1227 2786 1311 2851; x_wconf 93' lang='lat' dir='ltr'><strong><em>Piso.</em></strong></span> 
     </span>
    </p>

    <p class='ocr_par' dir='ltr' id='par_1_6' title="bbox 191 2887 1018 2973">
     <span class='ocr_line' id='line_1_22' title="bbox 191 2887 1018 2973; baseline -0.002 -16"><span class='ocrx_word' id='word_1_152' title='bbox 191 2891 235 2930; x_wconf 58' lang='grc' dir='ltr'><strong>Μ</strong></span> <span class='ocrx_word' id='word_1_153' title='bbox 254 2893 278 2930; x_wconf 74' lang='lat'><strong><em>²⁹</em></strong></span> <span class='ocrx_word' id='word_1_154' title='bbox 357 2899 457 2968; x_wconf 68' lang='lat' dir='ltr'><strong><em>Mate)</em></strong></span> <span class='ocrx_word' id='word_1_155' title='bbox 481 2894 591 2970; x_wconf 71' lang='lat' dir='ltr'><strong><em>Atiam)</em></strong></span> <span class='ocrx_word' id='word_1_156' title='bbox 613 2891 679 2956; x_wconf 90' lang='lat' dir='ltr'>IIII</span> <span class='ocrx_word' id='word_1_157' title='bbox 701 2887 887 2973; x_wconf 67' lang='lat' dir='ltr'><strong><em>kalendas)</em></strong></span> <span class='ocrx_word' id='word_1_158' title='bbox 909 2891 1018 2955; x_wconf 87' lang='lat' dir='ltr'><strong><em>Iunias</em></strong></span> 
     </span>
    </p>

    <p class='ocr_par' dir='ltr' id='par_1_7' title="bbox 315 2969 1797 3180">
     <span class='ocr_line' id='line_1_23' title="bbox 315 2969 1797 3078; baseline 0.001 -20"><span class='ocrx_word' id='word_1_159' title='bbox 315 2997 435 3060; x_wconf 83' lang='lat' dir='ltr'><strong><em>Taurus</em></strong></span> <span class='ocrx_word' id='word_1_160' title='bbox 457 2997 601 3066; x_wconf 82' lang='lat' dir='ltr'><strong><em>Statilius</em></strong></span> <span class='ocrx_word' id='word_1_161' title='bbox 624 2995 775 3059; x_wconf 85' lang='lat' dir='ltr'><strong><em>Corvinus</em></strong></span> <span class='ocrx_word' id='word_1_162' title='bbox 797 2994 1009 3076; x_wconf 82' lang='lat' dir='ltr'><strong><em>promagister</em></strong></span> <span class='ocrx_word' id='word_1_163' title='bbox 1031 2993 1158 3078; x_wconf 86' lang='lat' dir='ltr'><strong><em>collegii</em></strong></span> <span class='ocrx_word' id='word_1_164' title='bbox 1179 2994 1311 3060; x_wconf 36' lang='lat' dir='ltr'><strong><em>‘fratrum</em></strong></span> <span class='ocrx_word' id='word_1_165' title='bbox 1332 2995 1492 3059; x_wconf 88' lang='lat' dir='ltr'><strong><em>Arvalium</em></strong></span> <span class='ocrx_word' id='word_1_166' title='bbox 1710 3029 1722 3065; x_wconf 76' lang='lat' dir='ltr'><strong><em>s</em></strong></span> <span class='ocrx_word' id='word_1_167' title='bbox 1796 2969 1797 3008; x_wconf 54' lang='lat'><strong>³</strong></span> 
     </span>
     <span class='ocr_line' id='line_1_24' title="bbox 357 3094 1224 3180; baseline -0.005 -16"><span class='ocrx_word' id='word_1_168' title='bbox 357 3103 479 3164; x_wconf 86' lang='lat' dir='ltr'><strong><em>nomine</em></strong></span> <span class='ocrx_word' id='word_1_169' title='bbox 501 3103 534 3163; x_wconf 88' lang='lat' dir='ltr'><strong><em>in</em></strong></span> <span class='ocrx_word' id='word_1_170' title='bbox 556 3101 625 3162; x_wconf 89' lang='lat' dir='ltr'><strong><em>luco</em></strong></span> <span class='ocrx_word' id='word_1_171' title='bbox 648 3099 724 3160; x_wconf 86' lang='lat' dir='ltr'><strong><em>deuo</em></strong></span> <span class='ocrx_word' id='word_1_172' title='bbox 746 3097 827 3160; x_wconf 88' lang='lat' dir='ltr'><strong><em>Diae</em></strong></span> <span class='ocrx_word' id='word_1_173' title='bbox 844 3094 867 3180; x_wconf 85' lang='lat'><strong><em>¹)</em></strong></span> <span class='ocrx_word' id='word_1_174' title='bbox 889 3115 1021 3160; x_wconf 82' lang='lat' dir='ltr'><strong><em>vaccam</em></strong></span> <span class='ocrx_word' id='word_1_175' title='bbox 1043 3097 1224 3180; x_wconf 72' lang='lat' dir='ltr'><strong><em>inmolavit,</em></strong></span> 
     </span>
    </p>

    <p class='ocr_par' dir='ltr' id='par_1_8' title="bbox 315 3198 1719 3580">
     <span class='ocr_line' id='line_1_25' title="bbox 315 3198 1472 3288; baseline -0.003 -18"><span class='ocrx_word' id='word_1_176' title='bbox 315 3209 478 3288; x_wconf 84' lang='lat' dir='ltr'><strong><em>codemque</em></strong></span> <span class='ocrx_word' id='word_1_177' title='bbox 500 3206 550 3267; x_wconf 85' lang='lat' dir='ltr'><strong><em>dic</em></strong></span> <span class='ocrx_word' id='word_1_178' title='bbox 573 3204 605 3266; x_wconf 88' lang='lat' dir='ltr'><strong><em>C.</em></strong></span> <span class='ocrx_word' id='word_1_179' title='bbox 629 3199 748 3265; x_wconf 85' lang='lat' dir='ltr'><strong><em>Caesar</em></strong></span> <span class='ocrx_word' id='word_1_180' title='bbox 769 3198 931 3280; x_wconf 83' lang='lat' dir='ltr'><strong><em>Augustus</em></strong></span> <span class='ocrx_word' id='word_1_181' title='bbox 955 3201 1162 3265; x_wconf 82' lang='lat' dir='ltr'><strong><em>Germanicus</em></strong></span> <span class='ocrx_word' id='word_1_182' title='bbox 1184 3203 1329 3282; x_wconf 78' lang='lat' dir='ltr'><strong><em>mopistor</em></strong></span> <span class='ocrx_word' id='word_1_183' title='bbox 1351 3205 1472 3285; x_wconf 69' lang='lat' dir='ltr'><strong><em>collecti</em></strong></span> 
     </span>
     <span class='ocr_line' id='line_1_26' title="bbox 355 3301 1456 3392; baseline -0.002 -20"><span class='ocrx_word' id='word_1_184' title='bbox 355 3312 490 3392; x_wconf 76' lang='lat' dir='ltr'><strong><em>[rutrum</em></strong></span> <span class='ocrx_word' id='word_1_185' title='bbox 511 3307 675 3372; x_wconf 83' lang='lat' dir='ltr'><strong><em>Arvalium</em></strong></span> <span class='ocrx_word' id='word_1_186' title='bbox 697 3323 767 3367; x_wconf 91' lang='lat' dir='ltr'><strong><em>cum</em></strong></span> <span class='ocrx_word' id='word_1_187' title='bbox 789 3302 895 3387; x_wconf 87' lang='lat' dir='ltr'><strong><em>Appio</em></strong></span> <span class='ocrx_word' id='word_1_188' title='bbox 918 3303 1027 3368; x_wconf 85' lang='lat' dir='ltr'><strong><em>Silano</em></strong></span> <span class='ocrx_word' id='word_1_189' title='bbox 1049 3301 1175 3368; x_wconf 87' lang='lat' dir='ltr'><strong><em>flamine</em></strong></span> <span class='ocrx_word' id='word_1_190' title='bbox 1196 3307 1272 3368; x_wconf 82' lang='lat' dir='ltr'><strong><em>deoc</em></strong></span> <span class='ocrx_word' id='word_1_191' title='bbox 1293 3307 1374 3369; x_wconf 85' lang='lat' dir='ltr'><strong><em>Diae</em></strong></span> <span class='ocrx_word' id='word_1_192' title='bbox 1396 3328 1456 3388; x_wconf 80' lang='lat' dir='ltr'><strong><em>ap-</em></strong></span> 
     </span>
     <span class='ocr_line' id='line_1_27' title="bbox 356 3406 1441 3494; baseline -0.003 -18"><span class='ocrx_word' id='word_1_193' title='bbox 356 3435 428 3476; x_wconf 82' lang='lat' dir='ltr'><strong><em>uam</em></strong></span> <span class='ocrx_word' id='word_1_194' title='bbox 450 3415 583 3494; x_wconf 86' lang='lat' dir='ltr'><strong><em>opimum</em></strong></span> <span class='ocrx_word' id='word_1_195' title='bbox 604 3406 767 3474; x_wconf 84' lang='lat' dir='ltr'><strong><em>inmolavit</em></strong></span> <span class='ocrx_word' id='word_1_196' title='bbox 789 3411 821 3471; x_wconf 88' lang='lat' dir='ltr'><strong><em>et</em></strong></span> <span class='ocrx_word' id='word_1_197' title='bbox 842 3406 967 3490; x_wconf 82' lang='lat' dir='ltr'><strong><em>signum</em></strong></span> <span class='ocrx_word' id='word_1_198' title='bbox 988 3408 1075 3473; x_wconf 88' lang='lat' dir='ltr'><strong><em>misit</em></strong></span> <span class='ocrx_word' id='word_1_199' title='bbox 1096 3407 1262 3491; x_wconf 81' lang='lat' dir='ltr'><strong><em>quadrigis</em></strong></span> <span class='ocrx_word' id='word_1_200' title='bbox 1283 3417 1312 3471; x_wconf 88' lang='lat' dir='ltr'><strong><em>ot</em></strong></span> <span class='ocrx_word' id='word_1_201' title='bbox 1334 3411 1441 3473; x_wconf 84' lang='lat' dir='ltr'><strong><em>desul-</em></strong></span> 
     </span>
     <span class='ocr_line' id='line_1_28' title="bbox 356 3517 1719 3580; baseline -0.008 0"><span class='ocrx_word' id='word_1_202' title='bbox 356 3517 483 3580; x_wconf 78' lang='lat' dir='ltr'><strong><em>tortora.</em></strong></span> <span class='ocrx_word' id='word_1_203' title='bbox 1692 3535 1719 3570; x_wconf 90' lang='lat' dir='ltr'><strong><em>ru</em></strong></span> 
     </span>
    </p>

    <p class='ocr_par' dir='ltr' id='par_1_9' title="bbox 315 3613 1665 3806">
     <span class='ocr_line' id='line_1_29' title="bbox 315 3613 1665 3704; baseline -0.001 -20"><span class='ocrx_word' id='word_1_204' title='bbox 315 3623 483 3704; x_wconf 79' lang='lat' dir='ltr'><strong><em>adfuerunt</em></strong></span> <span class='ocrx_word' id='word_1_205' title='bbox 503 3619 631 3682; x_wconf 87' lang='lat' dir='ltr'><strong><em>Paullus</em></strong></span> <span class='ocrx_word' id='word_1_206' title='bbox 652 3617 768 3681; x_wconf 80' lang='lat' dir='ltr'><strong><em>Fabius</em></strong></span> <span class='ocrx_word' id='word_1_207' title='bbox 789 3614 940 3699; x_wconf 86' lang='lat' dir='ltr'><strong><em>Persicus,</em></strong></span> <span class='ocrx_word' id='word_1_208' title='bbox 964 3613 1020 3681; x_wconf 88' lang='lat' dir='ltr'><strong><em>Cn.</em></strong></span> <span class='ocrx_word' id='word_1_209' title='bbox 1043 3613 1200 3682; x_wconf 88' lang='lat' dir='ltr'><strong><em>Domitius</em></strong></span> <span class='ocrx_word' id='word_1_210' title='bbox 1222 3615 1464 3700; x_wconf 83' lang='lat' dir='ltr'><strong><em>Ahenobarbus,</em></strong></span> <span class='ocrx_word' id='word_1_211' title='bbox 1487 3618 1529 3683; x_wconf 89' lang='lat' dir='ltr'><strong><em>M.</em></strong></span> <span class='ocrx_word' id='word_1_212' title='bbox 1551 3618 1665 3683; x_wconf 87' lang='lat' dir='ltr'><strong><em>Furius</em></strong></span> 
     </span>
     <span class='ocr_line' id='line_1_30' title="bbox 358 3719 1664 3806; baseline -0.003 -18"><span class='ocrx_word' id='word_1_213' title='bbox 358 3726 515 3799; x_wconf 78' lang='lat' dir='ltr'><strong><em>Camillum,</em></strong></span> <span class='ocrx_word' id='word_1_214' title='bbox 533 3724 566 3786; x_wconf 92' lang='lat' dir='ltr'><strong><em>C.</em></strong></span> <span class='ocrx_word' id='word_1_215' title='bbox 584 3723 718 3785; x_wconf 83' lang='lat' dir='ltr'><strong><em>Coccina</em></strong></span> <span class='ocrx_word' id='word_1_216' title='bbox 732 3721 887 3806; x_wconf 72' lang='lat' dir='ltr'><strong><em>Larpusi,</em></strong></span> <span class='ocrx_word' id='word_1_217' title='bbox 911 3720 946 3782; x_wconf 91' lang='lat' dir='ltr'><strong><em>L.</em></strong></span> <span class='ocrx_word' id='word_1_218' title='bbox 968 3719 1090 3784; x_wconf 89' lang='lat' dir='ltr'><strong><em>Annius</em></strong></span> <span class='ocrx_word' id='word_1_219' title='bbox 1105 3719 1299 3805; x_wconf 87' lang='lat' dir='ltr'><strong><em>Vinicianus,</em></strong></span> <span class='ocrx_word' id='word_1_220' title='bbox 1324 3721 1357 3786; x_wconf 87' lang='lat' dir='ltr'><strong><em>C.</em></strong></span> <span class='ocrx_word' id='word_1_221' title='bbox 1375 3719 1564 3804; x_wconf 87' lang='lat' dir='ltr'><strong><em>Calpurnius</em></strong></span> <span class='ocrx_word' id='word_1_222' title='bbox 1579 3722 1664 3787; x_wconf 89' lang='lat' dir='ltr'><strong><em>Piso.</em></strong></span> 
     </span>
    </p>

    <p class='ocr_par' dir='ltr' id='par_1_10' title="bbox 315 3799 1797 3908">
     <span class='ocr_line' id='line_1_31' title="bbox 315 3825 731 3908; baseline -0.007 -16"><span class='ocrx_word' id='word_1_223' title='bbox 315 3833 415 3905; x_wconf 70' lang='lat' dir='ltr'><strong><em>omre)</em></strong></span> <span class='ocrx_word' id='word_1_224' title='bbox 439 3828 535 3908; x_wconf 84' lang='lat' dir='ltr'><strong><em>ri(iem</em></strong></span> <span class='ocrx_word' id='word_1_225' title='bbox 557 3875 564 3888; x_wconf 95' lang='lat'><strong><em>.</em></strong></span> <span class='ocrx_word' id='word_1_226' title='bbox 589 3876 596 3889; x_wconf 94' lang='lat'><strong><em>.</em></strong></span> <span class='ocrx_word' id='word_1_227' title='bbox 620 3875 628 3889; x_wconf 94' lang='lat'><strong><em>.</em></strong></span> <span class='ocrx_word' id='word_1_228' title='bbox 652 3875 659 3889; x_wconf 89' lang='lat'><strong><em>.</em></strong></span> <span class='ocrx_word' id='word_1_229' title='bbox 682 3825 731 3895; x_wconf 83' lang='lat' dir='ltr'><strong><em>ias</em></strong></span> 
     </span>
    </p>
   </div>
   <div class='ocr_carea' id='block_1_6' title="bbox 322 3950 457 3957">
    <p class='ocr_par' dir='ltr' id='par_1_11' title="bbox 322 3950 457 3957">
     <span class='ocr_line' id='line_1_32' title="bbox 322 3950 457 3957; baseline -0.015 0"><span class='ocrx_word' id='word_1_230' title='bbox 322 3950 457 3957; x_wconf 78' lang='lat'><strong><em>---.-·———</em></strong></span> 
     </span>
    </p>
   </div>
   <div class='ocr_carea' id='block_1_7' title="bbox 314 3975 1667 5038">
    <p class='ocr_par' dir='ltr' id='par_1_12' title="bbox 314 3975 1666 4245">
     <span class='ocr_line' id='line_1_33' title="bbox 384 3975 1666 4068; baseline -0.001 -17"><span class='ocrx_word' id='word_1_231' title='bbox 384 3997 405 4066; x_wconf 76' lang='lat'><strong><em>²)</em></strong></span> <span class='ocrx_word' id='word_1_232' title='bbox 424 3997 562 4051; x_wconf 85' lang='lat' dir='ltr'><strong><em>sacrificia</em></strong></span> <span class='ocrx_word' id='word_1_233' title='bbox 580 3997 615 4051; x_wconf 92' lang='lat' dir='ltr'><strong><em>ob</em></strong></span> <span class='ocrx_word' id='word_1_234' title='bbox 629 3997 736 4052; x_wconf 86' lang='lat' dir='ltr'><strong><em>natales</em></strong></span> <span class='ocrx_word' id='word_1_235' title='bbox 750 3997 902 4068; x_wconf 90' lang='lat' dir='ltr'><strong><em>principum</em></strong></span> <span class='ocrx_word' id='word_1_236' title='bbox 916 3997 963 4052; x_wconf 88' lang='lat' dir='ltr'><strong><em>lic-</em></strong></span> <span class='ocrx_word' id='word_1_237' title='bbox 1016 3998 1150 4051; x_wconf 89' lang='lat' dir='ltr'><strong><em>incertum</em></strong></span> <span class='ocrx_word' id='word_1_238' title='bbox 1174 4001 1226 4062; x_wconf 86' lang='lat' dir='ltr'><strong><em>ast,</em></strong></span> <span class='ocrx_word' id='word_1_239' title='bbox 1254 4015 1315 4053; x_wconf 90' lang='lat' dir='ltr'><strong><em>cum</em></strong></span> <span class='ocrx_word' id='word_1_240' title='bbox 1335 3999 1448 4054; x_wconf 86' lang='lat' dir='ltr'><strong><em>detecto</em></strong></span> <span class='ocrx_word' id='word_1_241' title='bbox 1472 3975 1624 4067; x_wconf 77' lang='lat' dir='ltr'><strong><em>fragmento</em></strong></span> <span class='ocrx_word' id='word_1_242' title='bbox 1646 4001 1666 4050; x_wconf 74' lang='lat' dir='ltr'><strong><em>rt</em></strong></span> 
     </span>
     <span class='ocr_line' id='line_1_34' title="bbox 314 4084 1665 4158; baseline -0.001 -18"><span class='ocrx_word' id='word_1_243' title='bbox 314 4087 382 4140; x_wconf 88' lang='lat' dir='ltr'><strong><em>bant</em></strong></span> <span class='ocrx_word' id='word_1_244' title='bbox 405 4087 432 4140; x_wconf 92' lang='lat' dir='ltr'><strong><em>in</em></strong></span> <span class='ocrx_word' id='word_1_245' title='bbox 458 4085 611 4157; x_wconf 85' lang='lat' dir='ltr'><strong><em>Capitolio,</em></strong></span> <span class='ocrx_word' id='word_1_246' title='bbox 644 4086 691 4140; x_wconf 93' lang='lat' dir='ltr'><strong><em>ubi</em></strong></span> <span class='ocrx_word' id='word_1_247' title='bbox 714 4103 762 4139; x_wconf 87' lang='lat' dir='ltr'><strong><em>era</em></strong></span> <span class='ocrx_word' id='word_1_248' title='bbox 787 4091 848 4139; x_wconf 85' lang='lat' dir='ltr'><strong><em>eret</em></strong></span> <span class='ocrx_word' id='word_1_249' title='bbox 873 4087 964 4154; x_wconf 81' lang='lat' dir='ltr'><strong><em>gentis</em></strong></span> <span class='ocrx_word' id='word_1_250' title='bbox 1015 4084 1176 4140; x_wconf 81' lang='lat' dir='ltr'><strong><em>refellantur</em></strong></span> <span class='ocrx_word' id='word_1_251' title='bbox 1188 4102 1222 4139; x_wconf 88' lang='lat' dir='ltr'><strong><em>ea</em></strong></span> <span class='ocrx_word' id='word_1_252' title='bbox 1235 4105 1305 4158; x_wconf 86' lang='lat' dir='ltr'><strong><em>quaa</em></strong></span> <span class='ocrx_word' id='word_1_253' title='bbox 1319 4087 1354 4142; x_wconf 89' lang='lat' dir='ltr'><strong><em>de</em></strong></span> <span class='ocrx_word' id='word_1_254' title='bbox 1368 4087 1540 4142; x_wconf 87' lang='lat' dir='ltr'><strong><em>excludendo</em></strong></span> <span class='ocrx_word' id='word_1_255' title='bbox 1554 4087 1598 4140; x_wconf 90' lang='lat' dir='ltr'><strong><em>die</em></strong></span> <span class='ocrx_word' id='word_1_256' title='bbox 1610 4086 1665 4138; x_wconf 92' lang='lat' dir='ltr'><strong><em>VII</em></strong></span> 
     </span>
     <span class='ocr_line' id='line_1_35' title="bbox 316 4173 1664 4245; baseline -0.003 -15"><span class='ocrx_word' id='word_1_257' title='bbox 316 4175 402 4230; x_wconf 86' lang='lat' dir='ltr'><strong><em>lulius</em></strong></span> <span class='ocrx_word' id='word_1_258' title='bbox 422 4173 479 4242; x_wconf 87' lang='lat' dir='ltr'><strong><em>(Or.</em></strong></span> <span class='ocrx_word' id='word_1_259' title='bbox 499 4175 563 4238; x_wconf 68' lang='lat' dir='ltr'><strong><em>ran</em></strong></span> <span class='ocrx_word' id='word_1_260' title='bbox 581 4175 663 4240; x_wconf 65' lang='lat'>508&amp;</span> <span class='ocrx_word' id='word_1_261' title='bbox 682 4174 717 4230; x_wconf 86' lang='lat' dir='ltr'><strong><em>ci.</em></strong></span> <span class='ocrx_word' id='word_1_262' title='bbox 735 4175 827 4228; x_wconf 78' lang='lat' dir='ltr'><strong><em>Belou.</em></strong></span> <span class='ocrx_word' id='word_1_263' title='bbox 846 4189 873 4243; x_wconf 90' lang='lat' dir='ltr'><strong><em>p.</em></strong></span> <span class='ocrx_word' id='word_1_264' title='bbox 885 4177 921 4240; x_wconf 86' lang='grc'><strong><em>9).</em></strong></span> <span class='ocrx_word' id='word_1_265' title='bbox 1016 4173 1080 4228; x_wconf 86' lang='lat' dir='ltr'><strong><em>olim</em></strong></span> <span class='ocrx_word' id='word_1_266' title='bbox 1105 4175 1250 4245; x_wconf 85' lang='lat' dir='ltr'><strong><em>proposui:</em></strong></span> <span class='ocrx_word' id='word_1_267' title='bbox 1276 4176 1310 4230; x_wconf 88' lang='lat' dir='ltr'><strong><em>ci.</em></strong></span> <span class='ocrx_word' id='word_1_268' title='bbox 1333 4179 1403 4234; x_wconf 83' lang='lat' dir='ltr'><strong><em>Anu.</em></strong></span> <span class='ocrx_word' id='word_1_269' title='bbox 1427 4181 1489 4230; x_wconf 76' lang='lat' dir='ltr'><strong><em>inst.</em></strong></span> <span class='ocrx_word' id='word_1_270' title='bbox 1508 4177 1580 4228; x_wconf 71' lang='lat' dir='ltr'><strong><em>areli.</em></strong></span> <span class='ocrx_word' id='word_1_271' title='bbox 1598 4174 1664 4227; x_wconf 76' lang='grc'><strong>1887</strong></span> 
     </span>
    </p>

    <p class='ocr_par' dir='ltr' id='par_1_13' title="bbox 315 4261 1667 4597">
     <span class='ocr_line' id='line_1_36' title="bbox 384 4261 1664 4333; baseline -0.002 -18"><span class='ocrx_word' id='word_1_272' title='bbox 384 4261 405 4330; x_wconf 83' lang='lat'><strong><em>⁸)</em></strong></span> <span class='ocrx_word' id='word_1_273' title='bbox 425 4263 458 4315; x_wconf 91' lang='grc' dir='ltr'><strong><em>Ρ.</em></strong></span> <span class='ocrx_word' id='word_1_274' title='bbox 477 4261 633 4315; x_wconf 88' lang='lat' dir='ltr'><strong><em>Memmium</em></strong></span> <span class='ocrx_word' id='word_1_275' title='bbox 652 4261 788 4331; x_wconf 79' lang='lat' dir='ltr'><strong><em>Regulum</em></strong></span> <span class='ocrx_word' id='word_1_276' title='bbox 805 4269 862 4316; x_wconf 88' lang='lat' dir='ltr'><strong><em>tum</em></strong></span> <span class='ocrx_word' id='word_1_277' title='bbox 881 4277 963 4332; x_wconf 91' lang='lat' dir='ltr'><strong><em>coop·</em></strong></span> <span class='ocrx_word' id='word_1_278' title='bbox 1016 4263 1116 4332; x_wconf 72' lang='lat' dir='ltr'><strong><em>paru.</em></strong></span> <span class='ocrx_word' id='word_1_279' title='bbox 1152 4263 1195 4316; x_wconf 90' lang='lat' dir='ltr'><strong><em>De</em></strong></span> <span class='ocrx_word' id='word_1_280' title='bbox 1219 4263 1281 4333; x_wconf 90' lang='lat' dir='ltr'><strong><em>ipso</em></strong></span> <span class='ocrx_word' id='word_1_281' title='bbox 1305 4279 1385 4318; x_wconf 86' lang='lat' dir='ltr'><strong><em>sacro</em></strong></span> <span class='ocrx_word' id='word_1_282' title='bbox 1408 4264 1443 4321; x_wconf 84' lang='lat' dir='ltr'><strong><em>cf.</em></strong></span> <span class='ocrx_word' id='word_1_283' title='bbox 1461 4264 1613 4318; x_wconf 85' lang='lat' dir='ltr'><strong><em>Mommsen</em></strong></span> <span class='ocrx_word' id='word_1_284' title='bbox 1637 4262 1664 4314; x_wconf 91' lang='lat' dir='ltr'><strong><em>iu</em></strong></span> 
     </span>
     <span class='ocr_line' id='line_1_37' title="bbox 315 4348 1667 4420; baseline -0.001 -17"><span class='ocrx_word' id='word_1_285' title='bbox 315 4355 401 4404; x_wconf 88' lang='lat' dir='ltr'><strong><em>tatum</em></strong></span> <span class='ocrx_word' id='word_1_286' title='bbox 420 4365 484 4404; x_wconf 88' lang='lat' dir='ltr'><strong><em>esse</em></strong></span> <span class='ocrx_word' id='word_1_287' title='bbox 504 4349 568 4402; x_wconf 89' lang='lat' dir='ltr'><strong><em>inde</em></strong></span> <span class='ocrx_word' id='word_1_288' title='bbox 581 4348 692 4418; x_wconf 82' lang='lat' dir='ltr'><strong><em>collegi,</em></strong></span> <span class='ocrx_word' id='word_1_289' title='bbox 710 4350 784 4420; x_wconf 90' lang='lat' dir='ltr'><strong><em>qnod</em></strong></span> <span class='ocrx_word' id='word_1_290' title='bbox 803 4366 863 4404; x_wconf 90' lang='lat' dir='ltr'><strong><em>curn</em></strong></span> <span class='ocrx_word' id='word_1_291' title='bbox 882 4355 966 4403; x_wconf 89' lang='lat' dir='ltr'><strong><em>antea</em></strong></span> <span class='ocrx_word' id='word_1_292' title='bbox 1016 4350 1158 4403; x_wconf 79' lang='lat' dir='ltr'><strong><em>Rotaaionc</em></strong></span> <span class='ocrx_word' id='word_1_293' title='bbox 1180 4367 1207 4420; x_wconf 93' lang='lat' dir='ltr'><strong><em>p.</em></strong></span> <span class='ocrx_word' id='word_1_294' title='bbox 1221 4353 1262 4408; x_wconf 92' lang='lat'><strong><em>11.</em></strong></span> <span class='ocrx_word' id='word_1_295' title='bbox 1277 4353 1310 4407; x_wconf 82' lang='lat'><strong><em>12</em></strong></span> <span class='ocrx_word' id='word_1_296' title='bbox 1338 4359 1367 4406; x_wconf 83' lang='lat' dir='ltr'><strong><em>st</em></strong></span> <span class='ocrx_word' id='word_1_297' title='bbox 1393 4351 1602 4406; x_wconf 86' lang='lat' dir='ltr'><strong><em>commentarius</em></strong></span> <span class='ocrx_word' id='word_1_298' title='bbox 1630 4349 1667 4402; x_wconf 81' lang='lat' dir='ltr'><strong><em>de</em></strong></span> 
     </span>
     <span class='ocr_line' id='line_1_38' title="bbox 316 4438 1665 4509; baseline 0 -19"><span class='ocrx_word' id='word_1_299' title='bbox 316 4454 414 4492; x_wconf 90' lang='lat' dir='ltr'><strong><em>nomen</em></strong></span> <span class='ocrx_word' id='word_1_300' title='bbox 427 4439 486 4492; x_wconf 87' lang='lat' dir='ltr'><strong><em>eins</em></strong></span> <span class='ocrx_word' id='word_1_301' title='bbox 500 4438 527 4492; x_wconf 93' lang='lat' dir='ltr'><strong><em>in</em></strong></span> <span class='ocrx_word' id='word_1_302' title='bbox 541 4439 612 4492; x_wconf 87' lang='lat' dir='ltr'><strong><em>actis</em></strong></span> <span class='ocrx_word' id='word_1_303' title='bbox 624 4454 678 4492; x_wconf 91' lang='lat' dir='ltr'><strong><em>non</em></strong></span> <span class='ocrx_word' id='word_1_304' title='bbox 691 4440 852 4509; x_wconf 86' lang='lat' dir='ltr'><strong><em>reperietur,</em></strong></span> <span class='ocrx_word' id='word_1_305' title='bbox 865 4442 966 4508; x_wconf 86' lang='lat' dir='ltr'><strong><em>postea</em></strong></span> <span class='ocrx_word' id='word_1_306' title='bbox 1016 4438 1153 4494; x_wconf 86' lang='lat' dir='ltr'><strong><em>sacrificio</em></strong></span> <span class='ocrx_word' id='word_1_307' title='bbox 1166 4438 1202 4492; x_wconf 90' lang='lat' dir='ltr'><strong><em>ob</em></strong></span> <span class='ocrx_word' id='word_1_308' title='bbox 1215 4441 1374 4494; x_wconf 86' lang='lat' dir='ltr'><strong><em>memoriam</em></strong></span> <span class='ocrx_word' id='word_1_309' title='bbox 1384 4440 1429 4493; x_wconf 73' lang='lat'><strong><em>⁹1¹1.</em></strong></span> <span class='ocrx_word' id='word_1_310' title='bbox 1440 4441 1569 4495; x_wconf 83' lang='lat' dir='ltr'><strong><em>Caesaris</em></strong></span> <span class='ocrx_word' id='word_1_311' title='bbox 1582 4439 1665 4491; x_wconf 87' lang='lat' dir='ltr'><strong><em>sacto.</em></strong></span> 
     </span>
     <span class='ocr_line' id='line_1_39' title="bbox 317 4525 1665 4597; baseline -0.001 -19"><span class='ocrx_word' id='word_1_312' title='bbox 317 4543 401 4597; x_wconf 85' lang='lat' dir='ltr'><strong><em>saepe</em></strong></span> <span class='ocrx_word' id='word_1_313' title='bbox 421 4533 654 4582; x_wconf 84' lang='lat' dir='ltr'><strong><em>commemoratur.</em></strong></span> <span class='ocrx_word' id='word_1_314' title='bbox 1086 4526 1316 4594; x_wconf 82' lang='lat' dir='ltr'><strong><em>dFrngmentum</em></strong></span> <span class='ocrx_word' id='word_1_315' title='bbox 1341 4528 1393 4581; x_wconf 92' lang='lat' dir='ltr'><strong><em>hoc</em></strong></span> <span class='ocrx_word' id='word_1_316' title='bbox 1417 4527 1451 4581; x_wconf 89' lang='lat' dir='ltr'><strong><em>ad</em></strong></span> <span class='ocrx_word' id='word_1_317' title='bbox 1477 4547 1491 4580; x_wconf 84' lang='lat' dir='ltr'><strong><em>c</em></strong></span> <span class='ocrx_word' id='word_1_318' title='bbox 1514 4528 1553 4580; x_wconf 84' lang='lat' dir='ltr'><strong><em>ita</em></strong></span> <span class='ocrx_word' id='word_1_319' title='bbox 1577 4525 1665 4595; x_wconf 86' lang='lat' dir='ltr'><strong><em>appli-</em></strong></span> 
     </span>
    </p>

    <p class='ocr_par' dir='ltr' id='par_1_14' title="bbox 316 4613 1666 5038">
     <span class='ocr_line' id='line_1_40' title="bbox 385 4613 1666 4686; baseline -0.002 -18"><span class='ocrx_word' id='word_1_320' title='bbox 385 4615 406 4685; x_wconf 85' lang='lat'><strong><em>⁴)</em></strong></span> <span class='ocrx_word' id='word_1_321' title='bbox 426 4615 507 4680; x_wconf 89' lang='lat' dir='ltr'><strong><em>diem,</em></strong></span> <span class='ocrx_word' id='word_1_322' title='bbox 538 4632 598 4670; x_wconf 93' lang='lat' dir='ltr'><strong><em>cnm</em></strong></span> <span class='ocrx_word' id='word_1_323' title='bbox 622 4615 774 4686; x_wconf 86' lang='lat' dir='ltr'><strong><em>praecedat</em></strong></span> <span class='ocrx_word' id='word_1_324' title='bbox 799 4613 859 4669; x_wconf 88' lang='lat' dir='ltr'><strong><em>dies</em></strong></span> <span class='ocrx_word' id='word_1_325' title='bbox 878 4613 965 4670; x_wconf 88' lang='lat' dir='ltr'>VIIII</span> <span class='ocrx_word' id='word_1_326' title='bbox 1016 4618 1102 4678; x_wconf 86' lang='lat' dir='ltr'><strong><em>catur,</em></strong></span> <span class='ocrx_word' id='word_1_327' title='bbox 1120 4614 1237 4668; x_wconf 89' lang='lat' dir='ltr'><strong><em>utillius</em></strong></span> <span class='ocrx_word' id='word_1_328' title='bbox 1257 4616 1328 4670; x_wconf 78' lang='lat' dir='ltr'><strong><em>unt</em></strong></span> <span class='ocrx_word' id='word_1_329' title='bbox 1346 4616 1453 4686; x_wconf 89' lang='lat' dir='ltr'><strong><em>priores</em></strong></span> <span class='ocrx_word' id='word_1_330' title='bbox 1466 4615 1666 4683; x_wconf 84' lang='lat' dir='ltr'><strong><em>coniungantur</em></strong></span> 
     </span>
     <span class='ocr_line' id='line_1_41' title="bbox 316 4701 1451 4774; baseline -0.006 -16"><span class='ocrx_word' id='word_1_331' title='bbox 316 4703 451 4758; x_wconf 83' lang='lat' dir='ltr'><strong><em>kalendas</em></strong></span> <span class='ocrx_word' id='word_1_332' title='bbox 474 4703 581 4769; x_wconf 85' lang='lat' dir='ltr'><strong><em>Iunias,</em></strong></span> <span class='ocrx_word' id='word_1_333' title='bbox 610 4709 742 4774; x_wconf 87' lang='lat' dir='ltr'><strong><em>sequatur</em></strong></span> <span class='ocrx_word' id='word_1_334' title='bbox 763 4705 867 4758; x_wconf 89' lang='lat' dir='ltr'><strong><em>mentio</em></strong></span> <span class='ocrx_word' id='word_1_335' title='bbox 892 4703 965 4757; x_wconf 90' lang='lat' dir='ltr'><strong><em>sacri</em></strong></span> <span class='ocrx_word' id='word_1_336' title='bbox 1017 4719 1076 4757; x_wconf 89' lang='lat' dir='ltr'><strong><em>cum</em></strong></span> <span class='ocrx_word' id='word_1_337' title='bbox 1095 4701 1175 4756; x_wconf 92' lang='lat' dir='ltr'><strong><em>buius</em></strong></span> <span class='ocrx_word' id='word_1_338' title='bbox 1194 4703 1321 4756; x_wconf 87' lang='lat' dir='ltr'><strong><em>versibus</em></strong></span> <span class='ocrx_word' id='word_1_339' title='bbox 1340 4703 1451 4758; x_wconf 85' lang='lat' dir='ltr'><strong><em>ultimis.</em></strong></span> 
     </span>
     <span class='ocr_line' id='line_1_42' title="bbox 317 4788 1665 4861; baseline -0.005 -15"><span class='ocrx_word' id='word_1_340' title='bbox 317 4793 351 4846; x_wconf 86' lang='lat' dir='ltr'><strong><em>ab</em></strong></span> <span class='ocrx_word' id='word_1_341' title='bbox 382 4791 532 4847; x_wconf 76' lang='lat' dir='ltr'><strong><em>Annalibus</em></strong></span> <span class='ocrx_word' id='word_1_342' title='bbox 556 4791 691 4846; x_wconf 83' lang='lat' dir='ltr'><strong><em>celebrati</em></strong></span> <span class='ocrx_word' id='word_1_343' title='bbox 719 4791 818 4846; x_wconf 89' lang='lat' dir='ltr'><strong><em>diebus</em></strong></span> <span class='ocrx_word' id='word_1_344' title='bbox 843 4792 886 4848; x_wconf 85' lang='lat' dir='ltr'><strong><em>VI</em></strong></span> <span class='ocrx_word' id='word_1_345' title='bbox 908 4791 965 4844; x_wconf 91' lang='lat'>1111</span> <span class='ocrx_word' id='word_1_346' title='bbox 1090 4791 1108 4858; x_wconf 90' lang='lat'><strong><em>¹)</em></strong></span> <span class='ocrx_word' id='word_1_347' title='bbox 1122 4791 1157 4844; x_wconf 86' lang='lat' dir='ltr'><strong><em>cl.</em></strong></span> <span class='ocrx_word' id='word_1_348' title='bbox 1167 4807 1192 4844; x_wconf 87' lang='lat' dir='ltr'><strong><em>a.</em></strong></span> <span class='ocrx_word' id='word_1_349' title='bbox 1202 4791 1249 4845; x_wconf 75' lang='lat'><strong><em>27:</em></strong></span> <span class='ocrx_word' id='word_1_350' title='bbox 1265 4790 1383 4845; x_wconf 82' lang='lat' dir='ltr'><strong><em>tortasse</em></strong></span> <span class='ocrx_word' id='word_1_351' title='bbox 1397 4795 1523 4861; x_wconf 89' lang='lat' dir='ltr'><strong><em>praestat</em></strong></span> <span class='ocrx_word' id='word_1_352' title='bbox 1534 4788 1665 4858; x_wconf 78' lang='lat' dir='ltr'><strong><em>[odoram</em></strong></span> 
     </span>
     <span class='ocr_line' id='line_1_43' title="bbox 317 4877 1665 4948; baseline -0.003 -14"><span class='ocrx_word' id='word_1_353' title='bbox 317 4881 359 4934; x_wconf 90' lang='lat'><strong><em>111</em></strong></span> <span class='ocrx_word' id='word_1_354' title='bbox 378 4879 512 4932; x_wconf 84' lang='lat' dir='ltr'><strong><em>kalendas</em></strong></span> <span class='ocrx_word' id='word_1_355' title='bbox 532 4879 655 4946; x_wconf 84' lang='lat' dir='ltr'><strong><em>easdem,</em></strong></span> <span class='ocrx_word' id='word_1_356' title='bbox 680 4883 792 4934; x_wconf 87' lang='lat' dir='ltr'><strong><em>constat</em></strong></span> <span class='ocrx_word' id='word_1_357' title='bbox 813 4880 899 4934; x_wconf 85' lang='lat' dir='ltr'><strong><em>luisse</em></strong></span> <span class='ocrx_word' id='word_1_358' title='bbox 918 4881 966 4933; x_wconf 87' lang='lat' dir='ltr'><strong><em>aut</em></strong></span> <span class='ocrx_word' id='word_1_359' title='bbox 1017 4879 1082 4932; x_wconf 81' lang='lat' dir='ltr'><strong><em>deae</em></strong></span> <span class='ocrx_word' id='word_1_360' title='bbox 1094 4877 1183 4944; x_wconf 83' lang='lat' dir='ltr'><strong><em>Dilae,</em></strong></span> <span class='ocrx_word' id='word_1_361' title='bbox 1201 4883 1232 4931; x_wconf 90' lang='lat' dir='ltr'><strong><em>ut</em></strong></span> <span class='ocrx_word' id='word_1_362' title='bbox 1244 4881 1289 4932; x_wconf 90' lang='lat' dir='ltr'><strong><em>est</em></strong></span> <span class='ocrx_word' id='word_1_363' title='bbox 1302 4879 1328 4932; x_wconf 93' lang='lat' dir='ltr'><strong><em>in</em></strong></span> <span class='ocrx_word' id='word_1_364' title='bbox 1342 4879 1413 4934; x_wconf 88' lang='lat' dir='ltr'><strong><em>actis</em></strong></span> <span class='ocrx_word' id='word_1_365' title='bbox 1427 4895 1556 4932; x_wconf 88' lang='lat' dir='ltr'><strong><em>annorum</em></strong></span> <span class='ocrx_word' id='word_1_366' title='bbox 1569 4884 1665 4948; x_wconf 87' lang='lat' dir='ltr'><strong><em>poste-</em></strong></span> 
     </span>
     <span class='ocr_line' id='line_1_44' title="bbox 319 4967 1125 5038; baseline -0.007 -12"><span class='ocrx_word' id='word_1_367' title='bbox 319 4969 391 5026; x_wconf 84' lang='lat' dir='ltr'>VIII</span> <span class='ocrx_word' id='word_1_368' title='bbox 414 4975 462 5022; x_wconf 85' lang='lat' dir='ltr'><strong><em>aut</em></strong></span> <span class='ocrx_word' id='word_1_369' title='bbox 485 4969 555 5024; x_wconf 85' lang='lat' dir='ltr'><strong><em>Vll:</em></strong></span> <span class='ocrx_word' id='word_1_370' title='bbox 589 4975 650 5023; x_wconf 88' lang='lat' dir='ltr'><strong><em>uter</em></strong></span> <span class='ocrx_word' id='word_1_371' title='bbox 683 4968 886 5038; x_wconf 84' lang='lat' dir='ltr'><strong><em>intellegendus</em></strong></span> <span class='ocrx_word' id='word_1_372' title='bbox 920 4969 965 5034; x_wconf 90' lang='lat' dir='ltr'><strong><em>sit,</em></strong></span> <span class='ocrx_word' id='word_1_373' title='bbox 1017 4967 1125 5022; x_wconf 90' lang='lat' dir='ltr'><strong><em>riorum.</em></strong></span> 
     </span>
    </p>
   </div>
   <div class='ocr_carea' id='block_1_8' title="bbox 0 0 1833 5588">
    <p class='ocr_par' dir='ltr' id='par_1_15' title="bbox 0 0 1833 5588">
     <span class='ocr_line' id='line_1_45' title="bbox 0 0 1833 5588; baseline 0 0"><span class='ocrx_word' id='word_1_374' title='bbox 0 0 1833 5588; x_wconf 95' lang='lat' dir='ltr'><strong><em> </em></strong></span> 
     </span>
    </p>
   </div>
  </div>
 </body>
</html>
