3564 5606
304 331 367 395 238
791 323 932 379 Addenda
951 331 980 376 et
998 321 1170 392 corrigenda.

297 523 378 585 quoe
398 501 570 584 superioris
587 501 610 584 ¹)
633 503 709 566 oeni
730 501 871 583 mopistrs‘
893 507 1061 573 coemant,
1089 495 1239 580 persolvit
1268 501 1297 557 et
1326 495 1359 558 irs
1390 495 1566 576 promissum
1593 511 1649 556 ors-

1479 595 1557 700 lnam
1571 618 1649 659 ποο-

260 739 269 776 1
297 711 432 790 coperit,
454 713 611 790 praeunte
633 705 697 792 T2)
721 755 1049 773 ...........
1071 707 1104 769 s'rs
1119 703 1226 768 eadem
1240 702 1335 766 uerbo
1350 721 1430 784 quoe
1452 685 1651 784 ἰοῖοοῖηἶ·

1620 807 1651 866 rst

295 901 364 979 lool
386 915 509 992 Mores)
541 935 644 978 mores
679 913 725 997 ΙΙ,
760 912 875 978 Iunoni
909 932 1026 977 noceor
1062 913 1109 994 ll,
1145 912 1302 975 tls'oerooe
1333 928 1450 974 coecos
1470 803 1651 986 lldlgssssslsti

1264 1011 1582 1116 lQffl—eJ—ooccos
1603 1013 1651 1085 ll;

298 1125 330 1185 in
365 1123 475 1204 templo
509 1137 592 1184 novo
628 1118 703 1184 divo
738 1117 915 1202 Aug(usto)
948 1117 1075 1202 b(oves)
1099 1123 1233 1196 mseras)
1257 1119 1306 1200 ΙΙ,
1343 1119 1436 1181 dtooe
1469 1117 1651 1196 dogmatos)

862 1221 983 1327 teucros
998 1222 1040 1300 ll,
1065 1221 1138 1284 dieo
1161 1221 1293 1284 Claudio
1316 1219 1438 1297 esoces)
1461 1225 1595 1297 risores)
1611 1219 1649 1282 ll.

257 1352 268 1390 s
295 1329 328 1390 lrs
352 1328 480 1408 collegio
504 1327 673 1408 adsuerunt
695 1324 729 1391 (l.
753 1324 944 1411 Calpurnius
966 1327 1041 1390 Piso
1069 1369 1649 1390 ...................

448 1466 469 1532 ¹)
497 1463 599 1532 exigua
617 1468 760 1517 remanent
778 1462 932 1518 litterarum
951 1461 1072 1532 vestigia
1091 1476 1142 1516 nec
1162 1461 1197 1514 de
1217 1462 1312 1516 littera
1330 1477 1344 1514 s
1363 1461 1445 1532 plane
1464 1465 1585 1514 coastat

445 1551 467 1619 ²)
496 1555 593 1623 potest
606 1551 689 1604 etiam
702 1550 791 1606 fuisse
804 1551 829 1606 P
848 1551 892 1606 vel
905 1551 938 1616 1⁴¹,
959 1565 1019 1604 cum
1033 1564 1088 1605 nou
1106 1549 1215 1622 reliqua
1232 1549 1338 1604 sitnisi
1351 1564 1415 1620 pars
1430 1548 1543 1604 inferior
1556 1547 1651 1602 lineae.

293 1693 490 1763 Fragmentum
531 1691 664 1763 seriptum
695 1698 740 1746 est
767 1696 831 1746 aute
864 1692 1068 1763 Vespasianum
1101 1695 1216 1764 propter
1241 1689 1406 1745 sacrificium
1435 1687 1499 1743 diro
1525 1689 1650 1758 Augusto

294 1781 396 1836 factum
416 1779 462 1844 (cf.
482 1795 508 1850 p.
524 1779 595 1847 104),
615 1787 681 1850 post
699 1795 799 1834 aunum
818 1785 909 1833 sutem
922 1779 965 1844 st,
985 1795 1039 1850 quo
1059 1778 1190 1849 templum
1210 1793 1309 1833 norum
1324 1780 1354 1832 o.
1369 1777 1475 1832 Caesar
1489 1779 1557 1846 Aug.
1576 1774 1651 1828 dedi·

293 1869 379 1924 cavit:
398 1868 434 1922 ei.
449 1885 476 1939 p.
490 1869 534 1924 bt.
564 1867 717 1922 Praeterea
731 1884 755 1921 v.
768 1867 786 1920 4
799 1865 923 1922 adfuisse
938 1867 1046 1924 ridetur
1060 1883 1158 1922 nomen
1176 1867 1233 1922 diri
1247 1865 1365 1922 Claudii.
1397 1865 1496 1936 ltaque
1511 1861 1649 1918 frustulum

292 1955 467 2012 referendum
480 1961 524 2010 est
542 1953 577 2010 ad
591 1959 711 2008 aetatem
721 1943 852 2020 Neronis,
865 1956 909 2009 cni
923 1955 1072 2010 litterarum
1086 1971 1195 2025 quoque
1210 1953 1296 2009 forma
1310 1957 1386 2007 recte
1400 1953 1539 2007 convenit.
1558 1955 1649 2020 Neque

292 2049 384 2098 tamen
397 2049 492 2114 potest
505 2043 589 2098 tribui
601 2041 673 2096 actis
687 2057 819 2096 annorum
830 2043 865 2099 59
879 2051 908 2097 et
920 2045 966 2109 60,
981 2059 1051 2114 qnae
1065 2049 1223 2115 supersunt,
1238 2057 1289 2096 nec
1303 2057 1434 2096 annorum
1444 2041 1481 2097 68
1493 2045 1521 2092 et
1533 2041 1569 2095 66
1580 2039 1649 2092 actis

295 2134 410 2202 propter
428 2131 593 2203 scripturam
607 2130 691 2201 plane
711 2129 857 2196 diversam,
877 2145 929 2184 uec
949 2131 1012 2184 anui
1032 2132 1075 2197 67,
1095 2132 1198 2204 quippe
1218 2145 1332 2201 quorum
1352 2144 1449 2183 versas
1469 2127 1649 2200 amplioribus

293 2219 447 2274 intervallis
472 2217 597 2273 distincti
622 2218 687 2272 sint
726 2217 916 2272 Excluduntur
940 2217 1060 2288 danique
1085 2217 1148 2272 anui
1168 2217 1202 2273 67
1221 2226 1251 2271 et
1269 2219 1317 2282 68,
1344 2218 1368 2270 si
1393 2215 1502 2288 quidem
1526 2219 1603 2270 recte
1621 2213 1650 2270 C.

295 2307 472 2378 Calpurnium
492 2306 638 2360 babuimus
657 2321 708 2377 pro
728 2305 834 2360 Pisone
852 2304 914 2370 illc,
939 2305 987 2375 qui
1006 2320 1078 2359 anno
1097 2305 1131 2360 65
1154 2309 1251 2358 contra
1268 2302 1409 2358 Neronem
1434 2303 1589 2357 coniuravit
1607 2303 1649 2368 (ef.

293 2393 377 2448 index
396 2394 487 2466 privat
515 2411 536 2447 s.
557 2395 607 2460 m),
626 2393 691 2446 item
712 2408 735 2447 a.
755 2393 802 2456 63,
823 2391 896 2462 quod
921 2393 948 2446 in
974 2391 1066 2446 indice
1091 2408 1193 2458 eorum,
1212 2393 1258 2463 qni
1284 2393 1356 2445 votis
1380 2392 1479 2444 annuis
1498 2390 1649 2452 adfuerunt,

294 2483 324 2537 O.
338 2483 453 2536 Pisonis
473 2497 572 2536 nomeu
592 2485 727 2552 superest.
764 2478 824 2534 Nec
846 2479 1026 2548 fragmentum
1047 2479 1224 2549 coniungitur
1242 2495 1303 2534 eum
1325 2477 1439 2533 frustoio
1457 2477 1600 2533 leRON.
1620 2477 1649 2540 0,

292 2575 370 2641 parte
389 2573 510 2624 actorum
539 2567 573 2622 ad
593 2572 660 2621 rota
679 2583 770 2622 annue
790 2567 1001 2638 pertinent-ium:
1026 2567 1066 2622 ibi
1090 2567 1162 2622 enim
1181 2583 1235 2622 noo
1254 2571 1283 2621 s'a
1303 2567 1397 2634 templo
1415 2585 1495 2630 οοοο,
1520 2565 1570 2620 sed
1591 2577 1649 2618 onte

293 2655 417 2724 temptam
435 2675 529 2709 rorum
549 2655 716 2709 immolatum
737 2670 801 2708 esse
821 2654 947 2709 traditur.
985 2655 1008 2710 Ε
1028 2655 1166 2710 contrario
1186 2655 1295 2710 litterae
1315 2661 1344 2707 et
1357 2654 1445 2707 forma
1464 2659 1493 2707 et
1506 2653 1648 2708 altitudine

293 2743 449 2797 simillimas
469 2749 534 2798 sunt
547 2743 700 2812 fragmento
714 2741 857 2798 Neston.
877 2741 978 2796 Banui
998 2749 1028 2797 ut
1040 2743 1150 2797 videtur
1167 2745 1210 2808 62,
1229 2743 1257 2798 iu
1277 2759 1332 2814 quo
1351 2757 1414 2796 cum
1432 2741 1505 2796 inter
1518 2741 1647 2810 collegas,

292 2831 339 2902 qul
352 2831 507 2895 adfuerunt,
529 2848 582 2886 uon
595 2835 826 2886 commemoretur
839 2830 870 2884 0.
884 2829 1059 2901 Calpurnius,
1078 2846 1129 2901 pro
1147 2830 1281 2899 magistro
1296 2835 1386 2884 autem
1401 2829 1529 2897 fungetur
1542 2826 1649 2884 Salvius

292 2917 366 2973 Otho
380 2919 507 2973 Titianus
526 2924 555 2972 et
575 2923 724 2990 propterea
743 2919 778 2973 ad
799 2935 859 2973 eum
880 2918 969 2989 ipsum
988 2933 1087 2971 sunum
1104 2917 1285 2986 fragmentum
1300 2933 1398 2971 novum
1412 2916 1508 2971 referri
1522 2919 1648 2986 nequeat,

291 3007 343 3061 boc
363 3007 483 3061 fortasse
502 3023 575 3061 anno
594 3009 719 3079 proxime
738 3005 919 3079 praecedeuti
937 3005 971 3058 61
991 3003 1193 3074 adsignandum
1213 3009 1265 3058 est

396 3147 418 3202 F
438 3147 539 3203 litteris
558 3147 624 3204 sitis
642 3148 707 3204 mill
727 3148 785 3203 fera
806 3147 918 3204 12-14.

290 3237 412 3301 Nerone
435 3237 569 3301 Claudio
585 3239 722 3303 Caesare
744 3234 920 3320 Aug(usto)
936 3236 1120 3300 Germanico
1140 3237 1199 3300 cet.
1216 3235 1401 3312 casamala)
1423 3232 1451 3300 V
1464 3279 1647 3298 .........

1348 3337 1394 3442 l⁰⁶
1415 3337 1550 3400 natalem
1572 3335 1648 3397 Sto·

293 3445 380 3508 ts'ls'oe
401 3443 659 3518 llessolls'rsuetl)
682 3441 827 3526 coniugis
850 3441 919 3506 eius
942 3487 1365 3506 ..............

292 3595 554 3614 .........
576 3544 1275 3630 οοορὶοῑοτίο“)...............

443 3683 462 3750 ¹)
489 3681 599 3736 litterae
627 3687 657 3736 et
680 3677 843 3736 dimidiatae
867 3687 933 3736 sunt
960 3686 990 3738 et
1013 3679 1095 3736 valde
1120 3682 1270 3748 evanidas,
1298 3687 1329 3736 nt
1352 3681 1469 3752 cogitari
1496 3678 1588 3750 possit
1614 3679 1646 3732 de

489 3771 616 3840 imlpsrs'o
633 3768 679 3823 vel
698 3771 883 3846 salpers‘olrls:
903 3768 954 3824 sed
975 3768 1085 3824 videtur
1103 3777 1207 3824 certum
1227 3785 1291 3826 esse
1306 3776 1435 3841 punctum
1454 3779 1521 3841 post
1539 3773 1645 3828 litteras

489 3861 553 3956 prio,
572 3871 624 3912 aec
644 3855 756 3912 verbum
775 3859 886 3925 imperto
904 3859 1024 3912 occurrit
1042 3857 1069 3912 in
1089 3857 1162 3912 actis
1181 3857 1283 3912 aetatis
1302 3857 1491 3928 antiquioris..

290 3999 485 4069 Fragmentum
518 3998 553 4054 sd
586 4003 707 4054 aetatem
738 3996 846 4051 Flaviis
875 3999 1059 4070 antiquiorem
1091 3999 1214 4053 referunt
1234 3999 1355 4054 'nomina
1384 3998 1508 4054 Οοιοονίε
1535 4003 1647 4072 Augusti

290 4086 342 4140 boc
361 4085 443 4140 modo
457 4088 621 4142 coniuncta:
641 4083 794 4141 excludunt
811 4091 939 4158 tempora
957 4085 1014 4140 divi
1028 4087 1150 4156 Augusti
1168 4086 1322 4142 litterarum
1337 4088 1430 4154 forma,
1450 4089 1494 4142 'l'i.
1507 4087 1645 4152 Caesaris,

290 4173 408 4240 Galbae,
429 4173 548 4229 Othonis
568 4174 672 4230 mentio
691 4172 828 4242 coniugis,
848 4171 878 4228 Ο.
899 4173 1043 4239 Caesaris,
1063 4173 1184 4238 Claudii,
1210 4175 1318 4246 priores
1338 4191 1426 4230 annos
1445 4175 1568 4231 Neronis
1587 4194 1645 4230 ser·

289 4261 352 4315 bum
370 4265 521 4334 magisterio
541 4263 575 4333 (r.
594 4263 632 4330 6),
652 4261 726 4332 quod
746 4261 774 4315 in
793 4261 865 4314 actis
885 4260 1083 4332 superstitibus
1103 4279 1158 4316 nou
1177 4263 1299 4318 occurrit
1318 4263 1371 4317 nisi
1391 4261 1427 4316 ab
1446 4279 1518 4318 auno
1537 4263 1595 4319 fere
1613 4265 1647 4320 63

289 4348 323 4404 ad
345 4366 443 4404 annum
458 4367 545 4421 osque
559 4353 601 4406 90.
630 4349 827 4418 Fragmentum
846 4349 931 4418 igitur
943 4348 1053 4428 videtur
1070 4349 1166 4404 referri
1181 4367 1265 4421 possa
1284 4349 1319 4406 ad
1339 4351 1512 4422 posteriores
1525 4348 1646 4406 Neronis

289 4453 391 4496 annos:
417 4437 600 4493 excluduntur
619 4445 711 4491 autem
731 4436 885 4506 scripturae
904 4436 1068 4492 diversitate
1087 4438 1152 4490 anni
1171 4439 1202 4493 61
1224 4443 1253 4493 et
1270 4439 1318 4506 62,
1342 4439 1368 4493 si
1386 4436 1495 4509 quidem
1515 4443 1591 4493 recte
1611 4439 1645 4494 ed

289 4540 339 4579 eos
358 4524 512 4580 rettulimus
533 4525 563 4582 fr.
583 4525 607 4580 B
628 4529 657 4579 et
675 4525 712 4584 Fir
732 4525 798 4578 itam
817 4524 880 4578 anui
899 4525 934 4578 63
952 4529 981 4578 et
998 4525 1042 4592 66,
1061 4541 1113 4580 uec
1130 4531 1273 4580 remanent
1291 4524 1346 4582 nisi
1366 4527 1429 4582 anui
1447 4527 1482 4580 64
1500 4527 1535 4584 66
1552 4527 1586 4582 67
1604 4529 1646 4582 68.

290 4613 348 4666 Iam
378 4629 444 4667 sero
476 4613 524 4686 qui
558 4613 615 4668 v.l
646 4611 748 4682 legitur
771 4610 909 4666 ablativus
934 4611 1047 4666 Caesare
1065 4615 1196 4686 depasto,
1229 4614 1402 4671 consulatum
1435 4612 1553 4680 indicat,
1585 4630 1646 4669 cum

290 4699 510 4771 supplementum
530 4702 657 4770 erupisse
676 4697 840 4753 excludatur
859 4699 998 4754 mentione
1016 4704 1175 4772 mopiaters's',
1195 4719 1246 4757 nec
1266 4702 1487 4774 supplementum
1504 4716 1646 4771 meeum

288 4787 341 4842 boc
361 4788 423 4842 loco
444 4787 628 4859 probabiliter
647 4785 757 4842 admitti
775 4787 869 4858 possit
914 4787 1122 4844 Posteriorlbus
1141 4794 1231 4844 autem
1251 4790 1359 4862 imperii
1384 4789 1462 4844 annis
1483 4805 1536 4845 nou
1556 4791 1646 4860 gessit

288 4873 365 4930 Nero
379 4875 552 4930 consulatum
567 4873 620 4928 uisi
634 4879 759 4930 extremo
771 4877 814 4942 68,
828 4891 888 4930 cnm
902 4880 950 4930 aut
963 4875 1106 4945 abrogatis
1119 4878 1243 4933 fascibus
1258 4877 1371 4933 Galerio
1381 4875 1520 4932 'l'rscbsto
1533 4883 1563 4931 at
1574 4875 1645 4933 Silio

289 4961 388 5018 Italico
408 4963 435 5016 in
455 4963 538 5018 breve
557 4967 667 5034 tempus
687 4961 765 5019 solus
784 4963 882 5018 consul
902 4963 990 5018 faetus
1010 4970 1055 5019 est
1074 4966 1163 5032 (Suet.
1183 4965 1246 5020 Ner.
1264 4966 1301 5022 43
1325 4963 1360 5020 cf.
1380 4962 1452 5022 Plio.
1475 4984 1573 5036 possse.
1591 4967 1645 5034 bl),
