3644 5592
763 1207 1096 1302 conspicuus

348 1412 523 1488 nosvu
553 1410 686 1502 ovas
714 1410 817 1486 Hoc
846 1409 1108 1487 vonvumu
1138 1409 1508 1487 couniunuuva.

247 1690 278 1764 Ι.
331 1688 615 1767 EXORDIUM.
652 1743 1335 1761 ....................

285 1836 299 1888 1
320 1834 361 1888 De
376 1833 482 1900 origiue
496 1836 525 1885 et
538 1830 647 1884 nornine
663 1830 775 1883 irat-rum
789 1827 931 1882 Arvalium
949 1827 1098 1900 explicatis
1111 1845 1128 1883 a
1140 1829 1290 1883 veteribus.
1306 1857 1339 1868 -

335 1921 377 1975 Da
396 1920 506 1974 uomina
525 1918 636 1972 fratrum
657 1916 786 1984 collegiis
812 1932 866 1970 nou
894 1917 1009 1972 usitato.
1031 1947 1062 1957 -
1083 1917 1126 1972 De
1146 1933 1260 1972 numero
1282 1917 1337 1971 ira-

336 2015 405 2063 trum
426 2006 598 2061 duodenario
622 2004 694 2058 actis
719 2002 881 2058 confirmato
883 2043 1339 2060 ..............

283 2099 300 2152 2
318 2096 365 2151 Ad
384 2095 531 2163 collegium
551 2094 664 2148 fratrum
682 2092 822 2146 Arvalium
840 2091 933 2162 plebei
953 2107 1063 2162 quoque
1081 2091 1210 2146 videntur
1223 2091 1339 2147 admissi

335 2199 409 2238 esee.
431 2212 460 2221 -
482 2181 637 2250 Collegium
651 2195 668 2233 a
681 2178 803 2234 Caesare
816 2179 946 2248 Augusto
959 2179 1123 2236 restitutum.
1143 2209 1173 2218 -
1194 2181 1256 2248 Quo
1269 2183 1338 2234 tem·

337 2285 405 2340 pore
424 2269 582 2323 restitutum
601 2268 640 2322 eit
657 2266 806 2335 collegium
808 2303 1340 2325 ................

283 2359 506 2428 3lmperatores
538 2359 664 2426 tempore
688 2355 845 2426 antiquiore
871 2354 898 2408 in
923 2353 1013 2424 ipsum
1038 2353 1185 2424 collegium
1213 2353 1339 2420 admissi,

334 2451 437 2516 postea
460 2446 540 2496 extra
558 2443 682 2496 ordinem
708 2443 830 2513 cooptati
835 2480 1336 2494 ...............

282 2535 300 2589 4
319 2533 361 2588 De
380 2531 514 2600 magistro
535 2529 648 2599 collegii
664 2546 763 2584 annuo.
784 2559 814 2568 -·
836 2529 878 2582 De
893 2529 1079 2598 promagietrc
1097 2531 1237 2586 nominato
1251 2547 1268 2584 a
1280 2546 1336 2584 ma·

334 2621 440 2690 gistrm
470 2619 549 2672 cuiue
576 2619 637 2671 vica
667 2616 841 2686 tangebatur.
886 2647 899 2652 =-
932 2615 1115 2685 Promagistri
1143 2615 1237 2687 plures
1264 2633 1337 2674 anuo

335 2707 442 2763 eodem.
462 2735 491 2744 —
513 2706 556 2760 Da
576 2703 669 2760 officio
683 2704 807 2771 magistri
810 2741 1337 2762 ................

283 2799 300 2850 5
319 2797 360 2850 De
378 2794 489 2848 flamine
509 2807 609 2846 annuo.
629 2818 662 2831 —
683 2791 792 2845 Mortuo
811 2791 944 2860 magistro
964 2797 1060 2847 cessat
1073 2791 1193 2846 officium
1211 2791 1337 2857 flaminis,

334 2883 380 2953 qui
406 2881 547 2951 quaeritur
573 2895 636 2932 uum
663 2893 714 2950 per
732 2877 846 2948 aliquod
866 2883 941 2932 certe
960 2883 1070 2950 tempus
1089 2880 1246 2934 nominatus
1265 2879 1338 2934 sita

333 2968 474 3038 magistro.
495 2997 527 3007 -
544 2968 702 3022 Prodaman
705 3003 1295 3020 ..................
1331 3005 1336 3016 .

284 3061 300 3114 6
318 3057 437 3111 Praetor
454 3070 599 3126 perperam
619 3053 740 3122 collegio
757 3053 893 3107 tribuitur.
905 3091 1339 3110 .............

285 3145 300 3198 l
319 3143 361 3198 Da
380 3143 474 3214 pueris
493 3141 621 3214 patrimis
641 3145 670 3196 et
689 3141 821 3196 matrimis
841 3155 953 3194 numero
968 3143 1106 3210 quattuor,
1127 3142 1173 3212 qni
1185 3141 1336 3196 Arvalibns

334 3234 449 3302 praesto
475 3234 554 3284 eraut
556 3266 1297 3286 ......................
1331 3271 1338 3285 .

281 3321 298 3373 8
317 3319 359 3371 De
377 3317 549 3372 kalatoribns
569 3322 599 3372 et
617 3316 738 3388 publicis
751 3317 864 3370 fratrum
879 3315 1082 3397 Arvalium·
1102 3316 1215 3371 Publici
1230 3315 1337 3372 addicti

335 3405 465 3460 universo
485 3403 619 3474 collegio,
645 3403 787 3458 kalatores
812 3403 944 3458 iratribus
970 3401 1095 3473 singulis.
1115 3432 1141 3443 -
1167 3403 1339 3459 Publionea

335 3491 541 3547 commentariis
572 3492 685 3546 fratrum
713 3490 866 3546 Arvalium.
892 3521 923 3529 -
950 3489 1118 3544 Tabularius
1148 3490 1265 3548 rationis
1289 3492 1337 3546 lra-

333 3579 450 3634 atrensis
452 3615 1335 3634 ..........................

282 3665 475 3720 caelatores
495 3683 545 3736 pro
565 3668 714 3720 accersione
737 3668 807 3719 aaut
821 3663 1011 3730 sacerdotnm,
1035 3669 1199 3738 mortuoque
1223 3673 1340 3738 patrono

336 3769 371 3806 ex
392 3753 485 3808 cilicio
499 3759 609 3808 exeunt.
625 3785 654 3793 -
672 3753 715 3808 Ob
731 3753 870 3807 introitum
885 3767 967 3805 arcae
981 3751 1093 3820 collegii
1106 3769 1237 3808 summam
1252 3771 1336 3824 quau-

337 3839 400 3894 dam
420 3839 605 3896 derodebant
608 3877 1338 3899 ......................

265 3929 302 3984 10
320 3929 460 3984 Aedituus
463 3964 1298 3984 .........................
1333 3969 1338 3980 .

264 4016 295 4068 ll
317 4013 360 4070 Da
387 4015 463 4070 cultu
489 4016 601 4070 fratrum
622 4013 772 4068 Arvalium.
794 4046 818 4052 -
846 4015 907 4068 Dea
925 4014 986 4066 Dia.
1059 4014 1147 4069 Sacra
1169 4015 1205 4070 ad
1228 4015 1336 4071 domum

335 4103 492 4172 Augustam
505 4103 683 4174 pertinentia.
697 4131 726 4140 -
741 4099 862 4154 Numina
875 4103 902 4154 iu
916 4102 978 4156 luco
989 4101 1128 4156 Arvalium
1142 4103 1218 4158 culta
1229 4109 1341 4175 preater

336 4188 416 4244 deam
436 4191 516 4244 Diam
519 4226 1336 4246 ........................

265 4277 300 4330 12
319 4277 396 4332 Acta
419 4277 563 4332 Arvalium
590 4295 645 4348 quo
669 4277 751 4331 modo
777 4279 889 4341 exarata
913 4279 943 4328 et
961 4282 1098 4348 concepta
1116 4277 1223 4334 inerint.
1243 4308 1275 4318 -
1295 4279 1338 4333 De

335 4369 440 4418 mutata
459 4372 488 4418 et
507 4365 639 4420 exarandi
660 4371 688 4418 et
707 4365 882 4436 concipiendi
903 4365 1011 4420 ratione
1014 4403 1336 4419 ..........

268 4453 302 4505 13
321 4451 418 4506 Lucus
444 4452 588 4506 Arvalium
609 4454 660 4507 luit
680 4452 753 4524 apud
774 4453 895 4524 lapidem
915 4453 1040 4522 quintum
1058 4452 1105 4505 via
1124 4451 1339 4523 Campanaque

335 4553 408 4592 nnnc
416 4539 550 4593 estvinaa
561 4539 804 4595 Caccaralliorum.
814 4569 842 4578 -
852 4541 894 4592 De
906 4540 1090 4594 monumentis
1100 4540 1128 4593 in
1139 4555 1205 4609 agro
1213 4539 1336 4594 Fabricii

335 4624 453 4680 Galletti
473 4626 537 4680 olim
558 4627 687 4698 repertis.
708 4657 738 4668 -
759 4628 930 4697 Fragmenta
952 4627 1075 4680 actorum
1094 4625 1238 4680 Arvalium
1257 4627 1338 4683 Ursi-

335 4712 420 4767 niaua
439 4718 468 4768 at
487 4714 550 4786 ipsa
568 4715 597 4768 in
616 4730 683 4784 agro
698 4715 869 4770 Gallettiano
890 4714 1001 4778 effossa,
1021 4712 1093 4767 bunc
1111 4718 1202 4768 antem
1221 4713 1338 4769 eundem

336 4815 401 4854 esse
421 4805 505 4871 atque
531 4802 640 4856 vineam
661 4801 902 4858 Caccaralliorum.
923 4831 953 4839 —
976 4801 1070 4854 Vinea
1093 4800 1265 4857 Gallattiana
1283 4817 1338 4872 quo

340 4887 422 4943 modo
442 4888 497 4944 dici
515 4889 638 4962 potuerit
655 4887 690 4943 ad
709 4887 829 4960 lapidem
850 4892 975 4960 quartum
995 4888 1051 4944 sita
1069 4903 1163 4944 assa..
1192 4929 1198 4944 .
1229 4929 1234 4940 .
1262 4930 1268 4944 .
1297 4929 1303 4946 .
1338 4931 1343 4940 .

1441 3579 1610 3633 vii-vni

1538 3842 1610 3897 Vlll

1569 3929 1610 3984 IX

1567 4191 1607 4244 ix

1463 4890 1612 4949 XI-XIII
