3644 5592
820 310 979 366 Exordium.

893 498 908 550 l

846 569 957 635 FRA

313 674 403 754 Quae
428 673 610 756 fragmenta
636 691 699 757 quo
725 672 830 736 minus
856 671 901 736 ita
927 673 1174 760 coniungantur,
1199 683 1233 742 ut
1255 679 1418 746 FRAtrES
1440 677 1572 743 Arvales

226 779 303 844 inde
332 777 504 860 efficiatur,
533 775 665 860 impedit
692 781 841 858 punctum
869 776 950 840 inter
978 777 1100 842 litteras
1129 777 1151 843 S
1178 787 1210 845 et
1231 781 1259 844 Α
1283 779 1443 846 deficiens.
1489 781 1573 860 Qua-

226 889 357 968 propter
380 881 583 947 caesareum
606 879 650 944 ibi
673 878 843 960 legendum
859 899 930 944 esse
945 881 1083 946 maxime
1099 882 1266 966 probabile
1282 891 1338 948 est.
1367 885 1408 948 ll.
1424 886 1571 950 Valerius

225 987 335 1052 nescio
359 1005 400 1049 an
422 1004 480 1068 pro
503 983 544 1046 M.
569 981 697 1047 Valerio
720 983 866 1048 'l'rebicio
901 983 1042 1047 Deciano
1072 983 1238 1050 habendus
1266 987 1322 1070 sit,
1357 989 1411 1070 qui
1439 989 1470 1052 in
1493 989 1572 1054 actis

225 1089 341 1154 aetatis
362 1087 492 1151 ‘lbaiani
514 1086 644 1170 saepius
667 1091 946 1150 commemoratur:
970 1087 1092 1152 litteras
1121 1088 1219 1174 eninr,
1250 1091 1398 1172 quamvis
1418 1092 1571 1175 pulchrae

225 1193 293 1257 sint
327 1197 359 1254 et
391 1189 505 1254 aetatis
539 1189 656 1270 bonae,
691 1185 733 1250 ad
761 1193 897 1254 aetatem
926 1195 1034 1254 tamen
1060 1189 1271 1272 antiquiorem
1297 1191 1351 1256 vix
1386 1195 1570 1260 rettulerint.

228 1295 422 1360 Caesareum
449 1291 560 1376 igitur,
590 1297 625 1355 ut
646 1290 797 1376 templum
820 1289 900 1358 deae
922 1293 1015 1378 Diae,
1038 1300 1180 1386 tompore
1203 1293 1324 1358 incerto
1348 1301 1379 1359 et
1400 1297 1504 1381 ipsum
1527 1321 1573 1364 re-

226 1398 343 1463 sectum
366 1403 424 1460 est.

311 1499 362 1564 25.
408 1497 501 1576 Quod
524 1497 661 1581 denique
684 1495 802 1561 balnea
823 1496 856 1560 in
877 1497 949 1561 luco
972 1497 1052 1562 deae
1074 1498 1157 1562 Diae
1180 1497 1279 1564 suisse
1301 1500 1448 1566 dicuntur
1466 1499 1503 1585 ¹),
1528 1503 1572 1568 vi-

226 1603 319 1669 detur
350 1608 450 1666 ortum
478 1619 549 1664 esse
576 1599 717 1664 contusis
745 1599 825 1664 actis
857 1599 978 1664 dierum
1011 1601 1104 1685 primi
1138 1608 1169 1666 et
1195 1603 1327 1668 secundi
1352 1604 1437 1668 sacri
1465 1625 1573 1669 mense

225 1705 312 1770 Maio
342 1703 505 1786 celebrati,
536 1721 605 1766 cunr
629 1703 730 1787 primo
753 1707 873 1766 tanturn
897 1703 951 1767 die
973 1703 1156 1768 sacerdotes
1179 1704 1326 1769 dicantur
1348 1727 1368 1768 o
1390 1708 1500 1771 botrieo
1522 1709 1574 1772 vel

226 1811 282 1872 icti
304 1807 336 1872 in
359 1805 518 1872 cathedris
541 1805 725 1871 consedisse
740 1805 779 1889 ¹),
802 1805 858 1870 illo
882 1793 987 1870 autem
1010 1805 1062 1871 die
1085 1807 1220 1872 Arvales
1249 1807 1282 1872 in
1313 1807 1391 1873 urbe
1418 1811 1450 1875 in
1477 1811 1574 1876 aedes

226 1909 371 1992 magistri
394 1909 564 1975 convenire
587 1908 735 1974 solerent.

311 2015 362 2078 ⁸26.
408 2013 447 2078 ut
468 2013 527 2078 boc
550 2012 680 2096 quidem
702 2011 771 2076 loco
794 2009 932 2079 breviter
954 2011 1175 2078 disserendum
1198 2013 1257 2078 erit
1279 2014 1321 2079 de
1342 2015 1396 2096 iis,
1427 2037 1510 2100 quae
1533 2017 1573 2082 de

225 2115 382 2199 aedificiis
411 2115 542 2180 fratrum
564 2115 730 2180 Arvalium
758 2134 779 2178 a
807 2116 1016 2200 scriptoribus
1043 2115 1164 2181 saeculi
1192 2115 1308 2181 decimi
1341 2119 1422 2182 sexti
1456 2119 1576 2184 tradita

225 2219 416 2303 accepimus.
460 2217 610 2299 Magnam
634 2218 716 2282 eninr
739 2219 959 2284 auctoritatem
981 2219 1126 2286 videmus
1149 2239 1169 2282 a
1192 2219 1271 2284 viris
1293 2219 1395 2286 doctis
1423 2221 1574 2287 tributam

225 2341 296 2387 esse
319 2320 543 2403 diagrammati
565 2319 691 2384 cuidam
714 2320 754 2385 ab
777 2321 931 2387 Abekeuo
954 2323 988 2386 in
1004 2321 1122 2386 chartis
1138 2322 1239 2386 musei
1255 2323 1429 2390 Florentini
1447 2332 1572 2408 reperto

227 2425 270 2490 ab
293 2445 396 2507 eoque
410 2425 434 2510 ³)
456 2433 488 2490 et
508 2445 529 2490 a
550 2423 750 2490 Melclriorrio
764 2423 790 2508 ⁴)
812 2423 931 2508 publici
954 2425 1032 2490 iuris
1054 2423 1154 2508 lactc,
1190 2445 1253 2510 quo
1276 2425 1424 2492 aedicula
1449 2447 1574 2513 reprae-

226 2535 371 2592 sentatur
403 2533 553 2611 quattuor
578 2526 732 2592 columnis
761 2525 841 2592 tulta
867 2529 1083 2612 cancellisque
1109 2527 1234 2610 clausa,
1268 2529 1300 2592 in
1334 2529 1425 2594 cuins
1459 2527 1573 2614 apside

224 2651 341 2696 norem
363 2630 458 2696 bases
481 2630 715 2714 conspiciuntur
736 2627 907 2714 adscriptis
931 2631 963 2694 in
984 2637 1076 2714 parte
1097 2630 1223 2696 interna
1245 2631 1351 2696 verbis
1367 2632 1431 2696 bis:
1457 2641 1574 2712 ,statue

225 2735 384 2798 arummo9
406 2735 439 2797 di
460 2737 641 2815 imperatori
662 2735 838 2797 incoronoti
859 2735 891 2796 di
911 2735 1017 2814 spipbe
1039 2734 1072 2796 di
1092 2754 1201 2814 prono.
1225 2737 1257 2796 ia
1279 2737 1332 2798 oio
1350 2745 1517 2817 portuense
1532 2736 1575 2799 od

227 2847 368 2920 mortam
390 2839 555 2900 miliarium
577 2838 635 2900 boo
655 2839 802 2901 sacellum
825 2839 1002 2900 ordinatum
1023 2838 1085 2918 suit
1100 2856 1120 2900 o
1135 2837 1265 2900 Romalo
1281 2839 1324 2900 od
1338 2837 1575 2902 benedicendum

225 2961 357 3023 panum
379 2951 407 3003 ct
429 2961 545 3023 opum.
568 2943 614 3004 sio
634 2949 842 3006 restauratam
865 2939 904 3002 ob
920 2940 1111 3022 Antoniao;“
1137 2959 1158 3004 a
1179 2939 1280 3006 latere
1302 2945 1408 3006 autern
1423 2940 1574 3022 imaginis

226 3043 335 3108 verbis
361 3039 425 3107 his:
455 3045 680 3124 ,ciosebedaao
707 3053 813 3108 statuo
838 3044 937 3106 banea
963 3063 1025 3106 cao
1053 3046 1209 3125 epitaphio
1240 3065 1257 3107 e
1284 3046 1318 3107 ia
1344 3045 1394 3106 ael
1414 3042 1472 3105 liae
1494 3045 1574 3106 dello

226 3148 383 3230 epitopbio
411 3150 440 3210 ci
467 3169 522 3212 ero
547 3147 789 3229 patriarcali,
818 3167 952 3210 emano
975 3167 1052 3211 noae
1075 3149 1222 3230 epitaphii
1245 3147 1492 3228 corrispondenti
1514 3148 1576 3210 alle

226 3271 304 3316 acue
331 3259 431 3314 stolae
457 3254 489 3314 ia
516 3255 578 3332 ,iao
606 3271 626 3316 o
654 3249 824 3327 Gordiano,
846 3252 858 3312 i
880 3253 967 3334 puali
988 3254 1170 3334 imperatori
1190 3254 1304 3334 sarorio
1327 3253 1396 3314 tutti
1418 3251 1451 3313 di
1473 3251 1576 3332 puella

228 3357 412 3438 compopuio
434 3355 477 3418 do
498 3356 698 3434 compopao.“
744 3351 826 3418 Huic
848 3355 1024 3420 narrationi
1052 3375 1111 3421 nec
1135 3355 1270 3420 Rossius
1284 3352 1309 3438 δ)
1336 3373 1394 3418 nec
1425 3351 1576 3434 Pellegri-

225 3459 298 3523 nius
313 3457 339 3542 ⁸)
361 3455 456 3521 fidem
478 3461 638 3538 negarunt
659 3452 793 3520 fidentes
815 3457 936 3520 nomini
960 3457 1093 3522 honesto
1109 3457 1324 3522 Baltbassaris
1340 3455 1458 3520 Perutii
1475 3453 1575 3518 arclri-

228 3563 303 3628 tecti
325 3558 504 3642 clarissimi,
528 3557 579 3622 cui
601 3557 801 3639 diagramma
822 3557 919 3623 tribui
940 3561 1073 3626 solebat.
1119 3559 1180 3640 Qui
1204 3579 1274 3624 curn
1298 3558 1471 3624 decesserit
1486 3576 1571 3620 anno

229 3665 321 3750 1536,
344 3665 372 3729 si
395 3671 479 3728 recte
502 3660 673 3744 imaginem
695 3658 736 3724 ab
759 3679 797 3724 ec
820 3659 937 3726 factam
953 3682 1024 3728 esse
1039 3662 1230 3746 crederetur,
1254 3661 1294 3728 de
1309 3661 1489 3730 sinceritate
1504 3659 1573 3722 eius

225 3769 323 3854 plane
351 3770 519 3832 constaret.
570 3764 613 3827 Ar
639 3761 812 3827 sciscitanti
840 3761 917 3828 mibi
945 3765 1108 3849 rescripsit
1135 3765 1324 3832 Franciscus
1352 3761 1573 3830 Gamurrinius

225 3871 326 3936 musei
350 3866 524 3936 Florentini
548 3865 781 3948 archaeologus
808 3865 966 3950 picturam
995 3888 1068 3934 esse
1095 3867 1231 3934 Joannis
1256 3868 1400 3934 Sallustii
1422 3865 1479 3930 filii
1502 3863 1576 3928 Bal-

229 3973 385 4040 tbassaris
399 3971 529 4056 Perutii,
553 3969 609 4055 qui
627 3987 712 4033 anno
731 3969 811 4034 1573
834 3965 914 4032 obiit
935 3968 1157 4038 vindobonae.
1196 3970 1257 4050 Qui
1280 3991 1349 4035 oum
1372 3969 1441 4054 ipse
1456 3968 1575 4031 Rornae

226 4097 292 4144 uon
325 4075 467 4160 adesset,
506 4093 569 4158 quo
602 4091 687 4140 anno
720 4075 846 4160 lapides
879 4073 1046 4140 Arvalium
1081 4073 1194 4142 detecti
1217 4079 1305 4156 runt,
1339 4071 1380 4137 ab
1403 4071 1476 4135 aliis
1499 4088 1571 4133 curn

229 4179 394 4244 certiorem
428 4177 545 4243 lactum
579 4197 650 4244 esse
679 4183 935 4262 consentaneum,
971 4197 1066 4262 quam
1095 4177 1135 4244 cb
1164 4197 1231 4242 rem
1263 4196 1327 4242 non
1360 4174 1471 4239 dubito
1505 4189 1576 4234 eum

227 4282 368 4368 pendere
397 4301 418 4346 a
443 4279 589 4366 Ligurio,
618 4299 688 4346 curn
719 4281 752 4346 id
780 4280 866 4366 quod
889 4279 986 4346 refert
1013 4281 1169 4366 portentis
1191 4299 1212 4346 a
1233 4277 1364 4362 Ligurio
1388 4272 1576 4358 excogitatis

227 4386 325 4470 plane
357 4383 561 4468 respondeat.
607 4381 724 4450 (tarent
756 4391 924 4470 praeterea
957 4384 1043 4450 omni
1075 4382 1305 4470 probabilitate
1333 4401 1386 4466 ea,
1420 4397 1503 4464 quae
1537 4374 1576 4438 de

227 4507 342 4554 novem
371 4487 485 4552 statuis
515 4492 700 4552 narrantur:
731 4507 814 4572 quae
841 4488 869 4552 si
897 4507 972 4552 vere
998 4487 1032 4552 in
1062 4485 1246 4552 suburbano
1274 4483 1418 4551 Gallettii
1439 4481 1576 4547 effossae

227 4597 350 4675 essent,
372 4610 431 4655 nco
453 4589 571 4657 Ursino
593 4609 652 4654 nec
674 4589 815 4656 Manutio
838 4591 969 4672 ignotae
996 4589 1196 4655 mansissent.
1241 4587 1471 4671 Intelleguntur
1499 4599 1577 4648 sane

1438 4729 1575 4741 ...-.-·-—

303 4819 322 4882 ¹)
342 4817 376 4871 ci.
395 4815 531 4870 Lanoisui
550 4814 568 4868 l.
588 4831 611 4874 o·
631 4829 658 4885 p.
673 4817 732 4872 106.
996 4814 1017 4882 ⁴)
1037 4813 1188 4882 appendice
1208 4813 1262 4884 opti
1274 4815 1324 4866 otri
1338 4805 1577 4882 depliAroolitab.

302 4903 324 4970 ἱ)
344 4903 379 4958 ei.
399 4909 463 4958 acto
481 4920 506 4960 s.
523 4905 576 4959 218
595 4907 625 4958 et
636 4903 696 4959 241.
996 4901 1018 4969 ⁸)
1038 4903 1109 4955 Aac.
1131 4900 1197 4957 last.
1217 4902 1289 4956 oreb.
1311 4899 1378 4955 1858
1395 4897 1477 4970 poi.

302 4989 323 5066 'l
342 4993 411 5048 Aac.
434 4991 502 5048 laer.
522 4993 594 5050 oreb.
614 4989 680 5050 1841
700 4991 758 5050 tab.
778 4991 811 5050 G.
999 4991 1021 5060 'l
1041 4989 1058 5045 l.
1077 5005 1102 5045 c.
1121 5005 1148 5066 p.
1161 4989 1187 5046 9.
