3574 5592
317 371 361 436 50
820 365 964 420 sacrificis
982 366 1176 420 anniversarie.

322 539 386 628 [66]
672 537 725 624 [ob
749 533 964 622 Aulgustalia.

398 661 442 720 De
463 657 681 732 Augustalibus
713 654 752 714 ad
782 654 859 713 diem
890 654 960 714 IIII
991 655 1058 713 idus
1090 653 1237 714 Octobres
1265 655 1379 718 habeut
1398 658 1467 716 lasti
1487 657 1669 716 Amiternini:

313 759 409 832 serice
429 775 460 814 eu
479 762 585 813 senatus
605 751 737 821 causito,
757 751 833 825 prod
851 768 881 807 eo
903 749 946 806 die
964 751 1139 824 impostor)
1165 749 1268 808 Caesar
1288 753 1426 828 Aupustus
1445 757 1672 812 extranaeorum

317 853 470 926 proviaciis
495 849 589 906 urbem
613 847 728 902 intrauit
753 861 859 919 oraque
886 843 1027 900 Fortunae
1050 843 1158 899 reducis
1183 847 1327 902 comatulos
1351 855 1394 903 est.
1431 843 1483 904 Ad
1504 845 1581 906 hanc
1600 863 1672 905 aram

321 959 414 1018 prope
436 951 552 1018 portam
573 939 725 1014 Capenam
746 938 837 998 fiebat
857 953 975 995 sacrum
996 937 1187 1011 praecipuum
1208 936 1258 1012 (el.
1280 941 1359 998 Mea.
1381 940 1485 1016 Aucyr.
1506 942 1534 1012 2,
1548 941 1671 1016 29seqq.

320 1036 424 1112 ibique
444 1037 607 1094 Mommsen
628 1051 657 1108 p.
671 1034 709 1091 29
729 1033 787 1106 30),
809 1031 973 1106 posteriore
986 1035 1084 1088 tamen
1095 1035 1194 1089 aetate
1207 1031 1302 1091 additi
1313 1039 1381 1091 sunt
1391 1033 1453 1092 ludi
1465 1033 1534 1092 divo
1546 1035 1673 1107 Augusto

323 1135 354 1187 et
374 1128 525 1187 Fortunae
548 1127 649 1188 reduci
676 1124 819 1185 celebrati
846 1123 939 1200 primo
967 1123 1088 1182 anonis
1111 1122 1292 1184 Octobribus
1315 1129 1390 1202 Uest.
1413 1131 1519 1199 aruit),
1540 1133 1675 1201 posteat

322 1222 370 1280 die
391 1222 443 1280 111
466 1239 559 1281 nouas
580 1237 673 1296 usque
694 1218 734 1278 ad
755 1218 831 1276 diem
852 1217 922 1275 IllI
944 1215 1011 1275 idus
1030 1216 1150 1276 easdem
1173 1221 1250 1295 (fasti
1264 1221 1390 1292 Antia).
1422 1219 1478 1293 Qui
1493 1221 1590 1295 coepti
1604 1237 1674 1279 nuno

326 1335 353 1373 u.
375 1333 400 1374 c.
423 1314 479 1374 ’143
500 1315 569 1389 (Dio
590 1316 637 1387 at,
652 1313 712 1385 34),
732 1312 789 1370 etsi
810 1310 968 1387 quotannis
984 1309 1121 1368 videntur
1134 1311 1205 1370 editi
1227 1329 1293 1370 esse
1315 1313 1479 1390 (111668),
1500 1313 1568 1388 lege
1587 1321 1676 1371 tamen

326 1426 404 1467 auno
426 1409 541 1466 dernum
563 1407 616 1467 161
640 1407 679 1482 (p.
697 1404 732 1464 C.
756 1405 803 1478 14)
832 1405 920 1462 annui
947 1404 1020 1462 faeti
1041 1410 1108 1463 suut
1128 1403 1199 1481 (Dio
1219 1407 1266 1480 66,
1281 1408 1331 1480 46;
1353 1408 1479 1468 Tacitus
1500 1426 1564 1464 uon.
1588 1407 1613 1478 l,
1628 1407 1675 1478 161.

325 1505 371 1562 De
392 1502 428 1560 iis
449 1503 525 1561 dixit
544 1501 712 1560 Mommsen
747 1500 775 1558 C.
792 1499 817 1556 Ι.
833 1499 868 1556 L.
894 1501 906 1556 l
929 1499 1167 1573 11413464.-
1187 1499 1232 1558 De
1253 1501 1406 1560 sacrificiis
1427 1501 1455 1558 in
1478 1500 1587 1575 templo
1609 1517 1676 1558 noro

325 1596 364 1654 ob
386 1596 566 1669 Augustalis
587 1595 675 1654 lactis
697 1590 770 1650 nihil
790 1591 909 1648 aliunde
929 1592 1066 1664 innotuit,
1088 1592 1140 1650 sed
1161 1592 1227 1667 ipsa
1247 1611 1295 1652 res
1315 1613 1440 1670 poscere
1456 1595 1571 1654 ridetur
1590 1599 1624 1652 ut
1637 1595 1678 1652 die

324 1707 425 1746 eorum
446 1688 547 1746 ultimo
568 1707 603 1747 ac
623 1687 762 1764 primario
783 1685 842 1760 ipsi
868 1685 937 1742 divo
962 1689 1103 1761 Augusto
1128 1687 1157 1744 in
1184 1688 1294 1761 templo
1322 1689 1415 1764 ipsius
1439 1687 1619 1748 immolatum
1639 1688 1679 1762 sit,

327 1782 367 1842 ad
388 1800 453 1839 eum
474 1781 656 1840 accesserint
675 1789 782 1857 postea
803 1779 892 1838 ceteri
914 1780 1012 1854 gentis
1034 1780 1129 1838 Iuliae
1151 1783 1301 1858 principes
1324 1781 1496 1840 consecrati.

405 1935 606 1993 Immolabant
627 1933 701 1991 enim
722 1933 851 1991 Arvales
872 1931 948 1991 diris
969 1931 1015 1992 his
1037 1933 1162 1993 victimis
1182 1933 1277 1994 hisce:

327 2064 390 2144 [38]
683 2065 799 2126 eccidit
827 2063 931 2143 lapide
958 2063 1062 2142 tracto
1087 2064 1278 2126 etsiverum
1301 2073 1329 2126 et
1351 2065 1547 2127 victimarum
1569 2065 1681 2136 mentio,

718 2168 774 2229 sest
793 2174 924 2246 propter
952 2173 1068 2246 tempus
1096 2176 1217 2230 constat
1243 2169 1303 2230 soti
1326 2169 1398 2230 diuo
1423 2169 1562 2248 Augusto
1584 2169 1680 2228 immo·

725 2271 820 2331 latum
843 2289 918 2331 esse.

326 2369 368 2433 58
392 2367 455 2447 [59]
678 2369 753 2434 divo
766 2369 911 2451 Augusto
923 2369 1069 2452 blevam)
1082 2367 1218 2455 marem,
1229 2369 1324 2452 divae
1340 2368 1536 2454 Aurg(ustae)
1548 2387 1679 2450 vaccam,

723 2471 797 2536 divo
821 2471 956 2537 Claudio
979 2471 1121 2551 b(oveurl
1143 2471 1304 2556 m(areru).

330 2571 393 2651 [66]
684 2585 717 2638 ut
729 2597 836 2658 supra,
849 2569 905 2639 sed
916 2575 1067 2637 accedunt
1081 2573 1188 2653 [divae
1202 2572 1367 2656 Claudiae]
1385 2575 1504 2658 virgini
1517 2571 1680 2658 vacuam),

724 2677 833 2758 div[ue
856 2679 1030 2762 Poppaeae
1053 2675 1248 2761 Auglustae)
1271 2680 1452 2758 racciamll.

408 2795 454 2854 De
486 2793 555 2852 dira
575 2793 703 2854 Claudia
727 2795 841 2870 virgine
862 2795 965 2854 scribit
985 2793 1110 2852 Tacitus
1132 2796 1217 2869 (Aua
1235 2799 1279 2870 16,
1294 2797 1358 2872 23):
1389 2799 1519 2855 Messenio
1540 2797 1680 2872 Rapidos

336 2889 467 2964 Verpiuio
489 2888 566 2963 Rufo
588 2889 742 2946 causalibus
762 2889 799 2963 (a.
816 2889 864 2964 63)
885 2900 979 2947 natatu
1000 2891 1051 2946 eidi
1071 2908 1103 2946 es
1122 2889 1260 2966 Poppaea
1272 2893 1363 2966 filiam
1383 2893 1461 2949 Nero
1481 2894 1556 2949 ultra
1574 2889 1680 2946 anomale

330 2983 463 3058 paudium
484 2985 589 3055 aceepit
609 2983 812 3058 appellauitque
832 2985 986 3059 Aupuslam
1006 2985 1071 3040 dato
1092 2992 1116 3040 et
1135 2983 1286 3058 Poppaeae
1305 2987 1398 3042 eodem
1418 2995 1591 3061 eopnarrreuto
1610 3031 1615 3041 .
1633 3027 1638 3040 .
1654 3023 1679 3040 ..

329 3077 394 3132 Iam
413 3083 519 3132 senatus
539 3082 643 3132 uterum
666 3077 816 3151 Poppaeae
842 3079 1078 3134 consuendo-urar
1103 3079 1145 3134 dis
1166 3087 1281 3153 uotaque
1302 3079 1411 3155 publice
1429 3088 1600 3154 susceperat,
1621 3095 1681 3152 psas

329 3169 513 3244 multiplicata
543 3169 724 3242 exsolutoque.
766 3168 806 3225 Et
826 3171 939 3227 additae
969 3171 1182 3246 supplicationes
1202 3179 1251 3230 cet
1254 3215 1356 3230 .....
1397 3169 1475 3238 Quae
1497 3173 1580 3246 flaua
1598 3172 1680 3245 fuere,

331 3273 457 3337 pecarium
483 3265 558 3317 iutra
582 3281 695 3319 oserssem
720 3263 849 3337 desuucta
877 3267 990 3338 irp'uute.
1030 3265 1188 3338 Rursusque
1203 3275 1318 3338 ,eurortae
1338 3265 1510 3322 mutatores
1530 3268 1680 3321 caumatum

329 3358 459 3413 duriorem
481 3357 565 3417 dieue
592 3365 617 3412 et
638 3358 770 3432 pruteinor
795 3358 941 3430 sederitque
967 3366 992 3413 et
1016 3359 1192 3416 sacerdotem.
1237 3359 1284 3418 cf.
1307 3359 1413 3416 nummi
1434 3357 1516 3434 apud
1538 3355 1680 3416 aethela

330 3468 358 3524 p.
373 3449 439 3508 231.
458 3480 498 3491 —-
519 3449 668 3524 Poppaea
689 3449 818 3508 decessit
837 3467 914 3508 anno
937 3451 974 3508 65
995 3449 1080 3525 (Tae.
1104 3455 1175 3512 elren.
1196 3455 1240 3528 16,
1257 3453 1302 3526 6);
1325 3451 1361 3509 de
1382 3451 1608 3510 consecratione
1628 3450 1680 3506 eius

333 3541 369 3599 ci.
393 3540 444 3600 Or.
465 3538 517 3600 131
542 3551 572 3600 et
593 3561 724 3602 nummus
746 3543 826 3619 apud
847 3541 1023 3601 Eckhelium
1043 3545 1061 3602 l.
1077 3562 1102 3602 c.
1123 3563 1151 3622 p.
1166 3547 1232 3604 281,
1275 3545 1322 3605 Cf.
1346 3547 1492 3603 ltetueioue
1511 3562 1541 3619 p.
1556 3545 1601 3603 21.

410 3636 570 3694 Desierunt
591 3638 720 3694 Arvales
745 3637 895 3695 immolare
917 3636 954 3694 ob
976 3640 1172 3712 Augustalis,
1200 3658 1263 3698 cum
1286 3639 1407 3714 imperio
1429 3637 1466 3696 ad
1487 3648 1604 3714 gentem
1622 3636 1681 3694 Flu·

332 3729 409 3787 viam
430 3730 577 3789 translato
598 3731 697 3789 omnia
717 3738 873 3790 cessarunt
893 3749 968 3806 quae
984 3739 1073 3791 antea
1092 3731 1274 3792 inhonorem
1292 3733 1432 3793 Iuliorum
1453 3739 1484 3791 et
1503 3731 1681 3792 Claudiorum

335 3839 424 3883 sacra
445 3821 507 3881 fieri
529 3823 673 3884 solebant.

845 4001 874 4067 3.
921 4003 1174 4069 Praesentes.

408 4122 538 4180 Nomina
558 4138 668 4192 eorum,
690 4121 739 4198 qui
761 4121 928 4198 adsuerunt,
948 4122 1047 4198 lapide
1069 4125 1164 4182 tracto
1185 4122 1283 4180 omnia
1303 4121 1483 4180 deficiuutin
1506 4124 1582 4182 actis
1603 4139 1681 4180 auno·

332 4232 395 4272 rum
417 4219 453 4274 38
475 4223 504 4274 et
523 4217 572 4287 66,
595 4233 631 4273 ex
653 4217 786 4290 partein
808 4217 882 4276 sctis
905 4217 974 4275 anui
993 4220 1038 4276 59.
1080 4218 1184 4276 Verba
1204 4234 1281 4292 quae
1303 4217 1542 4293 praecedebant,
1570 4215 1680 4274 insulis

334 4308 409 4366 actis
430 4310 498 4368 enni
519 4312 555 4369 68
576 4317 696 4369 serrata
716 4317 784 4368 suut
805 4311 862 4368 sie:

687 4421 721 4484 in
744 4421 881 4503 collegio
906 4420 1086 4486 adfuerunt.

819 4745 1220 4756 -——-.-...—...
