3574 5592
610 1302 651 1376 B.
706 1301 963 1378 SAORUM
988 1301 1157 1378 DEAE
1185 1300 1354 1374 DIAE.

389 1531 511 1594 Sacrum
538 1530 610 1588 deae
637 1529 712 1591 Diae
749 1533 931 1608 temporibus
961 1517 1173 1610 antiquioribus
1204 1533 1231 1590 in
1263 1537 1332 1592 acta
1360 1547 1419 1588 nou
1448 1545 1515 1588 esse
1534 1528 1653 1587 relatum

313 1629 473 1688 ostendunt
493 1631 562 1684 acta
583 1625 650 1682 anni
673 1627 721 1702 14,
747 1627 775 1684 in
808 1627 913 1704 quibus
939 1646 1003 1686 cum
1025 1628 1088 1686 dies
1105 1630 1197 1704 pridie
1218 1629 1293 1684 eidus
1312 1627 1408 1684 Maiae
1428 1624 1560 1700 proxime
1581 1629 1654 1681 ante-

314 1723 400 1783 cedat
420 1723 496 1780 diem
518 1721 635 1780 XVIII
659 1722 791 1778 kalendas
816 1723 980 1792 Ianuarias,
1006 1722 1188 1780 menifestum
1216 1730 1262 1780 est
1286 1737 1401 1779 sacrum
1428 1721 1554 1778 exeunte
1581 1717 1655 1776 Maio
1768 1749 1769 1766 ι

313 1820 420 1878 suctum
450 1817 488 1876 ab
518 1817 553 1874 iis
584 1815 700 1874 afuisse.
742 1815 854 1875 Postea
890 1834 1004 1874 sacrum
1034 1816 1116 1875 initio
1147 1815 1275 1876 breviter
1305 1815 1506 1888 indicabatur,
1544 1819 1578 1872 nt
1606 1829 1655 1888 pro

312 1914 405 1972 tribus
430 1913 535 1988 quibus
555 1911 762 1970 celebrabatur
782 1909 885 1969 diebus
911 1911 994 1969 nnius
1017 1910 1141 1970 innotis
1163 1911 1270 1968 mentio
1295 1909 1393 1985 fieret,
1420 1909 1468 1986 qui
1489 1909 1656 1985 plerumque

315 2008 431 2066 ridetur
451 2006 542 2064 inisse
563 2004 709 2064 secundus
729 2004 813 2080 isque
833 2005 989 2080 primarius
1008 2005 1056 2082 (ci.
1079 2012 1147 2065 ceta
1167 2023 1193 2063 a.
1213 2005 1259 2078 21,
1281 2005 1305 2062 si
1325 2012 1404 2064 recte
1425 2003 1552 2080 explevi,
1572 2005 1656 2062 3840

315 2104 352 2161 58
372 2103 408 2160 59
429 2102 466 2158 69
488 2097 545 2176 12).
586 2097 665 2158 Huic
686 2099 780 2158 rarius
801 2099 971 2176 adiungitur
991 2101 1053 2158 dies
1073 2101 1177 2160 tertius
1198 2118 1257 2176 qno
1273 2117 1389 2158 sacrum
1404 2101 1658 2160 consummabatur

314 2197 364 2272 (cf.
386 2201 453 2254 acta
473 2212 498 2252 n.
520 2192 555 2252 87
578 2196 629 2267 89,
656 2193 723 2251 item
745 2199 857 2252 actare.
878 2197 932 2267 66,
954 2196 983 2253 in
1005 2195 1110 2272 quibus
1132 2197 1157 2253 si
1176 2195 1269 2254 minus
1289 2197 1370 2252 recte
1386 2193 1500 2252 correxi
1513 2194 1542 2252 in
1558 2195 1661 2254 XIIII

314 2294 339 2350 b.
361 2293 423 2349 Ino.
445 2290 537 2348 rerba
557 2305 631 2364 quae
653 2295 721 2346 sunt
743 2288 830 2346 XIII
847 2290 872 2345 lc.
895 2292 960 2360 Iul,
980 2291 1059 2350 solus
1081 2290 1143 2348 dies
1164 2290 1266 2348 tertius
1286 2289 1483 2362 memoratur).
1512 2289 1585 2348 Dies
1602 2296 1657 2348 tres

313 2388 342 2444 in
364 2381 546 2444 documentis
566 2383 602 2440 iis
623 2400 698 2459 quea
720 2389 876 2457 supersunt
897 2402 962 2442 cum
983 2385 1106 2461 primum
1120 2403 1196 2444 anno
1211 2387 1246 2443 81
1262 2381 1419 2460 perscripti
1439 2383 1496 2442 sint
1510 2382 1539 2458 ¹),
1561 2385 1599 2444 ab
1625 2401 1658 2443 eo

315 2479 384 2539 inde
404 2485 536 2554 tempore
558 2477 691 2552 exceptis
713 2495 788 2554 qnae
809 2479 897 2536 modo
918 2479 1042 2538 diximus
1064 2480 1137 2539 actis
1158 2496 1299 2538 annornm
1319 2475 1353 2536 8'i
1377 2483 1407 2536 et
1428 2478 1464 2535 89
1491 2485 1659 2538 constanter

315 2579 469 2651 ponuntur.
510 2571 584 2648 Ipsa
604 2579 699 2629 antem
720 2590 806 2631 sacra
825 2591 889 2631 cnm
906 2575 1025 2634 soeculo
1040 2593 1126 2635 aerae
1141 2581 1259 2633 nostrae
1274 2572 1368 2649 primo
1382 2572 1563 2650 secundique
1578 2581 1659 2650 parte

315 2671 412 2747 priore
432 2668 561 2728 breviter
579 2666 608 2724 in
630 2667 703 2726 actis
724 2667 933 2744 significentur,
954 2672 1116 2746 posteriore
1138 2675 1235 2730 aetate
1256 2667 1400 2727 uberrime
1422 2676 1604 2730 enarrantur.

812 2972 840 3016 a.
878 2953 974 3020 DIES
996 2952 1161 3019 PRIMUS.

766 3141 793 3204 1.
836 3141 988 3208 Annus
1021 3148 1068 3207 et
1100 3139 1209 3206 dies.

392 3315 497 3374 Annus
518 3318 547 3370 et
569 3311 630 3370 dics
652 3311 709 3370 uisi
728 3312 827 3388 lapide
849 3314 944 3374 fracto
965 3331 1113 3390 nunquam
1128 3313 1235 3372 desunt
1248 3313 1330 3372 initio
1345 3314 1451 3390 capitis
1467 3315 1591 3377 indicati
1607 3317 1659 3375 sic:

318 3409 357 3473 81
382 3405 446 3496 [90]
664 3409 727 3470 iltis
750 3407 988 3493 co(n)s(ulibus)
1009 3411 1064 3472 itio
1087 3410 1136 3472 die
1158 3408 1341 3490 magisterio
1363 3411 1448 3472 illias
1464 3409 1496 3494 ¹).

667 3511 686 3577 ¹)
706 3514 885 3580 mapiaterirem
903 3523 1010 3565 notatur
1028 3524 1089 3565 ante
1108 3514 1176 3565 diem
1195 3515 1236 3565 90.

323 3616 577 3684 105117118

323 3704 383 3769 120
420 3703 549 3766 212
518 3633 590 3768 151

322 3806 381 3871 183
404 3803 489 3893 [241]
668 3803 768 3870 isdem
785 3805 1070 3891 “)ιιοο1ι)1ιιΙι1ιιιι)
1094 3809 1147 3870 illo
1171 3810 1230 3871 die.

670 3908 687 3975 ¹)
706 3919 790 3961 aetate
809 3927 848 3972 ea,
868 3929 921 3977 qua
940 3923 998 3964 ncta
1017 3913 1080 3963 baec
1107 3923 1229 3978 concepta
1247 3921 1320 3974 aaut,
1349 3913 1427 3964 etium
1454 3913 1483 3965 ia
1506 3913 1663 3965 documentis

706 3980 817 4044 publicis
835 3984 889 4033 iam
907 3983 1024 4035 conculca
1044 3983 1178 4035 ordinarii
1192 4000 1240 4048 per
1254 3993 1329 4036 iotam
1351 4001 1448 4035 onnam
1467 3986 1663 4038 continuantur.

670 3657 805 3742 illis(
755 3657 828 3742 co(n
808 3659 992 3743 ns)(nlibus)
1016 3661 1068 3722 itio
1092 3662 1151 3723 die.

873 4257 902 4325 2.
947 4259 1101 4328 Locus.

671 4447 703 4514 in
726 4445 819 4514 domo
842 4451 928 4513 illins
944 4449 976 4536 ¹).

671 4554 691 4620 ¹)
711 4555 839 4606 omittitur
862 4555 967 4607 verbam
991 4555 1128 4622 magistri,
1154 4574 1203 4624 qno
1227 4573 1284 4610 eam
1305 4555 1397 4623 paullo
1420 4555 1663 4609 selenomantiae

711 4643 767 4676 aua
785 4643 841 4677 cnm
860 4627 936 4678 uerbo
954 4627 1115 4694 magisterio
1130 4630 1306 4695 perscriptum
1333 4637 1411 4691 esser,
1435 4627 1484 4680 lroc
1516 4638 1584 4680 certe
1611 4628 1662 4678 loco

713 4713 775 4761 opus
792 4713 845 4748 non
864 4707 929 4750 erat.

394 4942 413 5009 ¹)
433 4941 475 4996 De
495 4939 566 4995 actis
586 4941 649 4996 cuni
668 4941 703 4997 80
720 4942 755 4998 90
773 4939 861 4996 iruuto
881 4938 973 5011 lapide
993 4957 1047 4996 non
1066 4945 1184 4998 constat.
