<?xml version="1.0" encoding="UTF-8"?>
<!DOCTYPE html PUBLIC "-//W3C//DTD XHTML 1.0 Transitional//EN"
    "http://www.w3.org/TR/xhtml1/DTD/xhtml1-transitional.dtd">
<html xmlns="http://www.w3.org/1999/xhtml" xml:lang="en" lang="en">
 <head>
  <title>
</title>
<meta http-equiv="Content-Type" content="text/html;charset=utf-8" />
  <meta name='ocr-system' content='tesseract 3.04.00' />
  <meta name='ocr-capabilities' content='ocr_page ocr_carea ocr_par ocr_line ocrx_word'/>
</head>
<body>
  <div class='ocr_page' id='page_1' title='image "./actafratrumarva01henzgoog_0400.png"; bbox 0 0 3592 5598; ppageno 0'>
   <div class='ocr_carea' id='block_1_1' title="bbox 793 325 919 398">
    <p class='ocr_par' dir='ltr' id='par_1_1' title="bbox 793 325 919 398">
     <span class='ocr_line' id='line_1_1' title="bbox 793 325 919 398; baseline -0.032 0"><span class='ocrx_word' id='word_1_1' title='bbox 793 325 919 398; x_wconf 84' lang='lat' dir='ltr'><strong>Piacuie.</strong></span> 
     </span>
    </p>
   </div>
   <div class='ocr_carea' id='block_1_2' title="bbox 623 612 1088 698">
    <p class='ocr_par' dir='ltr' id='par_1_2' title="bbox 623 612 1088 698">
     <span class='ocr_line' id='line_1_2' title="bbox 623 612 1088 698; baseline 0.011 -22"><span class='ocrx_word' id='word_1_2' title='bbox 623 612 652 676; x_wconf 83' lang='grc'><strong>3.</strong></span> <span class='ocrx_word' id='word_1_3' title='bbox 697 614 810 679; x_wconf 86' lang='lat' dir='ltr'><strong>Ratio</strong></span> <span class='ocrx_word' id='word_1_4' title='bbox 834 615 1088 698; x_wconf 79' lang='lat' dir='ltr'><strong>piaculorum.</strong></span> 
     </span>
    </p>
   </div>
   <div class='ocr_carea' id='block_1_3' title="bbox 502 769 1209 852">
    <p class='ocr_par' dir='ltr' id='par_1_3' title="bbox 502 769 1209 852">
     <span class='ocr_line' id='line_1_3' title="bbox 502 769 1209 852; baseline 0.003 -23"><span class='ocrx_word' id='word_1_5' title='bbox 502 787 532 830; x_wconf 89' lang='lat' dir='ltr'><strong>o.</strong></span> <span class='ocrx_word' id='word_1_6' title='bbox 557 787 648 848; x_wconf 83' lang='lat' dir='ltr'><strong>quam</strong></span> <span class='ocrx_word' id='word_1_7' title='bbox 670 769 708 832; x_wconf 83' lang='lat' dir='ltr'><strong>cb</strong></span> <span class='ocrx_word' id='word_1_8' title='bbox 730 789 858 834; x_wconf 83' lang='lat' dir='ltr'><strong>causam</strong></span> <span class='ocrx_word' id='word_1_9' title='bbox 878 773 1007 852; x_wconf 87' lang='lat' dir='ltr'><strong>piacula</strong></span> <span class='ocrx_word' id='word_1_10' title='bbox 1028 773 1117 851; x_wconf 72' lang='lat' dir='ltr'><strong>sacta</strong></span> <span class='ocrx_word' id='word_1_11' title='bbox 1138 773 1209 834; x_wconf 86' lang='lat' dir='ltr'><strong>sint.</strong></span> 
     </span>
    </p>
   </div>
   <div class='ocr_carea' id='block_1_4' title="bbox 533 883 1537 973">
    <p class='ocr_par' dir='ltr' id='par_1_4' title="bbox 533 883 1537 973">
     <span class='ocr_line' id='line_1_4' title="bbox 533 883 1537 973; baseline 0.002 -25"><span class='ocrx_word' id='word_1_12' title='bbox 533 883 573 949; x_wconf 91' lang='lat' dir='ltr'><strong>ob</strong></span> <span class='ocrx_word' id='word_1_13' title='bbox 596 883 714 950; x_wconf 86' lang='lat' dir='ltr'><strong>ferrum</strong></span> <span class='ocrx_word' id='word_1_14' title='bbox 738 887 872 952; x_wconf 87' lang='lat' dir='ltr'><strong>inlatum</strong></span> <span class='ocrx_word' id='word_1_15' title='bbox 895 889 928 952; x_wconf 92' lang='lat' dir='ltr'><strong>iu</strong></span> <span class='ocrx_word' id='word_1_16' title='bbox 951 888 1064 954; x_wconf 90' lang='lat' dir='ltr'><strong>aedem</strong></span> <span class='ocrx_word' id='word_1_17' title='bbox 1093 887 1150 973; x_wconf 89' lang='lat' dir='ltr'><strong>(dc</strong></span> <span class='ocrx_word' id='word_1_18' title='bbox 1173 889 1254 954; x_wconf 82' lang='lat' dir='ltr'>aede</span> <span class='ocrx_word' id='word_1_19' title='bbox 1277 889 1409 966; x_wconf 88' lang='lat' dir='ltr'><strong>elatum)</strong></span> <span class='ocrx_word' id='word_1_20' title='bbox 1439 885 1537 970; x_wconf 88' lang='lat' dir='ltr'><strong>scrip</strong></span> 
     </span>
    </p>
   </div>
   <div class='ocr_carea' id='block_1_5' title="bbox 534 990 1373 1162">
    <p class='ocr_par' dir='ltr' id='par_1_5' title="bbox 534 990 1373 1162">
     <span class='ocr_line' id='line_1_5' title="bbox 575 990 853 1068; baseline 0.014 -19"><span class='ocrx_word' id='word_1_21' title='bbox 575 993 667 1051; x_wconf 89' lang='lat' dir='ltr'><strong>turae</strong></span> <span class='ocrx_word' id='word_1_22' title='bbox 689 1007 814 1053; x_wconf 88' lang='lat' dir='ltr'><strong>caussa.</strong></span> <span class='ocrx_word' id='word_1_23' title='bbox 831 990 853 1068; x_wconf 86' lang='lat'><strong>¹)</strong></span> 
     </span>
     <span class='ocr_line' id='line_1_6' title="bbox 534 1089 1373 1162; baseline 0.006 -24"><span class='ocrx_word' id='word_1_24' title='bbox 534 1089 553 1154; x_wconf 90' lang='lat'><strong>¹)</strong></span> <span class='ocrx_word' id='word_1_25' title='bbox 572 1090 652 1140; x_wconf 81' lang='lat' dir='ltr'><strong>veria</strong></span> <span class='ocrx_word' id='word_1_26' title='bbox 670 1089 825 1160; x_wconf 82' lang='lat' dir='ltr'><strong>scripturas</strong></span> <span class='ocrx_word' id='word_1_27' title='bbox 844 1109 946 1146; x_wconf 83' lang='lat' dir='ltr'><strong>caussa</strong></span> <span class='ocrx_word' id='word_1_28' title='bbox 964 1095 1090 1162; x_wconf 79' lang='lat' dir='ltr'><strong>deficiunt</strong></span> <span class='ocrx_word' id='word_1_29' title='bbox 1109 1095 1137 1145; x_wconf 85' lang='lat' dir='ltr'><strong>in</strong></span> <span class='ocrx_word' id='word_1_30' title='bbox 1156 1094 1223 1144; x_wconf 82' lang='lat' dir='ltr'><strong>actis</strong></span> <span class='ocrx_word' id='word_1_31' title='bbox 1239 1093 1373 1144; x_wconf 82' lang='lat' dir='ltr'><strong>elationis.</strong></span> 
     </span>
    </p>
   </div>
   <div class='ocr_carea' id='block_1_6' title="bbox 537 1191 1538 1380">
    <p class='ocr_par' dir='ltr' id='par_1_6' title="bbox 537 1191 1538 1380">
     <span class='ocr_line' id='line_1_7' title="bbox 537 1191 1538 1280; baseline 0.002 -26"><span class='ocrx_word' id='word_1_32' title='bbox 537 1191 578 1256; x_wconf 92' lang='lat' dir='ltr'><strong>ob</strong></span> <span class='ocrx_word' id='word_1_33' title='bbox 612 1191 731 1257; x_wconf 88' lang='lat' dir='ltr'><strong>ferrum</strong></span> <span class='ocrx_word' id='word_1_34' title='bbox 764 1191 912 1280; x_wconf 89' lang='lat' dir='ltr'><strong>in[latum</strong></span> <span class='ocrx_word' id='word_1_35' title='bbox 936 1197 1112 1280; x_wconf 80' lang='lat' dir='ltr'><strong>scripturae</strong></span> <span class='ocrx_word' id='word_1_36' title='bbox 1136 1201 1167 1260; x_wconf 86' lang='lat' dir='ltr'><strong>ct</strong></span> <span class='ocrx_word' id='word_1_37' title='bbox 1188 1195 1369 1278; x_wconf 88' lang='lat' dir='ltr'><strong>scalpturae</strong></span> <span class='ocrx_word' id='word_1_38' title='bbox 1396 1213 1538 1258; x_wconf 89' lang='lat' dir='ltr'><strong>cousum-</strong></span> 
     </span>
     <span class='ocr_line' id='line_1_8' title="bbox 564 1293 1041 1380; baseline 0.008 -24"><span class='ocrx_word' id='word_1_39' title='bbox 564 1299 662 1356; x_wconf 87' lang='lat' dir='ltr'><strong>-nrato</strong></span> <span class='ocrx_word' id='word_1_40' title='bbox 686 1293 885 1380; x_wconf 82' lang='lat' dir='ltr'><strong>magi]sterio</strong></span> <span class='ocrx_word' id='word_1_41' title='bbox 908 1300 1000 1360; x_wconf 86' lang='lat' dir='ltr'><strong>illins.</strong></span> <span class='ocrx_word' id='word_1_42' title='bbox 1020 1297 1041 1375; x_wconf 85' lang='lat'><strong>¹)</strong></span> 
     </span>
    </p>
   </div>
   <div class='ocr_carea' id='block_1_7' title="bbox 537 1395 1537 1537">
    <p class='ocr_par' dir='ltr' id='par_1_7' title="bbox 537 1395 1537 1537">
     <span class='ocr_line' id='line_1_9' title="bbox 537 1395 1537 1467; baseline 0.003 -22"><span class='ocrx_word' id='word_1_43' title='bbox 537 1395 554 1462; x_wconf 85' lang='lat'><strong>¹)</strong></span> <span class='ocrx_word' id='word_1_44' title='bbox 575 1412 606 1446; x_wconf 76' lang='lat' dir='ltr'><strong>ec</strong></span> <span class='ocrx_word' id='word_1_45' title='bbox 624 1399 691 1448; x_wconf 85' lang='lat' dir='ltr'><strong>artis</strong></span> <span class='ocrx_word' id='word_1_46' title='bbox 709 1397 831 1449; x_wconf 83' lang='lat' dir='ltr'><strong>elationis</strong></span> <span class='ocrx_word' id='word_1_47' title='bbox 850 1409 902 1449; x_wconf 87' lang='lat' dir='ltr'><strong>tam</strong></span> <span class='ocrx_word' id='word_1_48' title='bbox 921 1401 1031 1466; x_wconf 71' lang='lat' dir='ltr'><strong>eripuere</strong></span> <span class='ocrx_word' id='word_1_49' title='bbox 1048 1401 1178 1467; x_wconf 80' lang='lat' dir='ltr'><strong>reliquiae</strong></span> <span class='ocrx_word' id='word_1_50' title='bbox 1202 1410 1357 1464; x_wconf 87' lang='lat' dir='ltr'><strong>supersunt,</strong></span> <span class='ocrx_word' id='word_1_51' title='bbox 1377 1408 1405 1450; x_wconf 88' lang='lat' dir='ltr'><strong>ut</strong></span> <span class='ocrx_word' id='word_1_52' title='bbox 1423 1417 1477 1466; x_wconf 85' lang='lat' dir='ltr'><strong>qua</strong></span> <span class='ocrx_word' id='word_1_53' title='bbox 1494 1415 1537 1448; x_wconf 83' lang='lat' dir='ltr'><strong>ra·</strong></span> 
     </span>
     <span class='ocr_line' id='line_1_10' title="bbox 591 1467 1412 1537; baseline 0.004 -21"><span class='ocrx_word' id='word_1_54' title='bbox 591 1467 660 1518; x_wconf 84' lang='lat' dir='ltr'><strong>tione</strong></span> <span class='ocrx_word' id='word_1_55' title='bbox 672 1469 780 1534; x_wconf 86' lang='lat' dir='ltr'><strong>suerint</strong></span> <span class='ocrx_word' id='word_1_56' title='bbox 798 1480 920 1534; x_wconf 82' lang='lat' dir='ltr'><strong>concepta</strong></span> <span class='ocrx_word' id='word_1_57' title='bbox 939 1487 994 1521; x_wconf 89' lang='lat' dir='ltr'><strong>nun</strong></span> <span class='ocrx_word' id='word_1_58' title='bbox 1012 1473 1078 1522; x_wconf 86' lang='lat' dir='ltr'><strong>satis</strong></span> <span class='ocrx_word' id='word_1_59' title='bbox 1094 1471 1285 1537; x_wconf 68' lang='lat' dir='ltr'><strong>perspiciatur.</strong></span> <span class='ocrx_word' id='word_1_60' title='bbox 1404 1469 1412 1482; x_wconf 84' lang='lat'><strong>‘</strong></span> 
     </span>
    </p>
   </div>
   <div class='ocr_carea' id='block_1_8' title="bbox 536 1561 1540 1906">
    <p class='ocr_par' dir='ltr' id='par_1_8' title="bbox 536 1561 1539 1750">
     <span class='ocr_line' id='line_1_11' title="bbox 536 1561 1539 1654; baseline 0.004 -26"><span class='ocrx_word' id='word_1_61' title='bbox 536 1561 588 1650; x_wconf 86' lang='lat' dir='ltr'><strong>[ob</strong></span> <span class='ocrx_word' id='word_1_62' title='bbox 612 1565 730 1630; x_wconf 83' lang='lat' dir='ltr'><strong>ferrum</strong></span> <span class='ocrx_word' id='word_1_63' title='bbox 763 1567 910 1654; x_wconf 75' lang='lat' dir='ltr'><strong>inllatum</strong></span> <span class='ocrx_word' id='word_1_64' title='bbox 937 1577 972 1634; x_wconf 93' lang='lat' dir='ltr'><strong>ut</strong></span> <span class='ocrx_word' id='word_1_65' title='bbox 1001 1577 1074 1635; x_wconf 87' lang='lat' dir='ltr'><strong>acta</strong></span> <span class='ocrx_word' id='word_1_66' title='bbox 1096 1570 1352 1654; x_wconf 85' lang='lat' dir='ltr'><strong>insculperentur</strong></span> <span class='ocrx_word' id='word_1_67' title='bbox 1373 1569 1539 1652; x_wconf 87' lang='lat' dir='ltr'><strong>magisteri</strong></span> 
     </span>
     <span class='ocr_line' id='line_1_12' title="bbox 580 1668 713 1750; baseline 0.015 -21"><span class='ocrx_word' id='word_1_68' title='bbox 580 1670 673 1730; x_wconf 85' lang='lat' dir='ltr'><strong>illias.</strong></span> <span class='ocrx_word' id='word_1_69' title='bbox 689 1668 713 1750; x_wconf 88' lang='lat'><strong>¹)</strong></span> 
     </span>
    </p>

    <p class='ocr_par' dir='ltr' id='par_1_9' title="bbox 540 1769 1540 1906">
     <span class='ocr_line' id='line_1_13' title="bbox 540 1769 1540 1840; baseline 0.004 -20"><span class='ocrx_word' id='word_1_70' title='bbox 540 1769 557 1838; x_wconf 86' lang='lat'><strong>¹)</strong></span> <span class='ocrx_word' id='word_1_71' title='bbox 577 1772 606 1821; x_wconf 85' lang='lat' dir='ltr'><strong>in</strong></span> <span class='ocrx_word' id='word_1_72' title='bbox 625 1773 691 1822; x_wconf 83' lang='lat' dir='ltr'><strong>artis</strong></span> <span class='ocrx_word' id='word_1_73' title='bbox 710 1772 834 1824; x_wconf 83' lang='lat' dir='ltr'><strong>elationis</strong></span> <span class='ocrx_word' id='word_1_74' title='bbox 852 1776 980 1840; x_wconf 84' lang='lat' dir='ltr'><strong>seriptum</strong></span> <span class='ocrx_word' id='word_1_75' title='bbox 999 1785 1050 1826; x_wconf 84' lang='lat' dir='ltr'><strong>est:</strong></span> <span class='ocrx_word' id='word_1_76' title='bbox 1072 1775 1108 1828; x_wconf 94' lang='lat' dir='ltr'><strong>ob</strong></span> <span class='ocrx_word' id='word_1_77' title='bbox 1128 1776 1227 1828; x_wconf 79' lang='lat' dir='ltr'><strong>ferrum</strong></span> <span class='ocrx_word' id='word_1_78' title='bbox 1247 1775 1348 1828; x_wconf 85' lang='lat' dir='ltr'><strong>elutum</strong></span> <span class='ocrx_word' id='word_1_79' title='bbox 1376 1775 1478 1825; x_wconf 85' lang='lat' dir='ltr'><strong>omissis</strong></span> <span class='ocrx_word' id='word_1_80' title='bbox 1505 1775 1540 1824; x_wconf 86' lang='lat' dir='ltr'><strong>iis</strong></span> 
     </span>
     <span class='ocr_line' id='line_1_14' title="bbox 585 1852 823 1906; baseline -0.004 -14"><span class='ocrx_word' id='word_1_81' title='bbox 585 1852 823 1906; x_wconf 73' lang='lat' dir='ltr'><strong>praesequantur.</strong></span> 
     </span>
    </p>
   </div>
   <div class='ocr_carea' id='block_1_9' title="bbox 185 1954 1539 2047">
    <p class='ocr_par' dir='ltr' id='par_1_10' title="bbox 185 1954 1539 2047">
     <span class='ocr_line' id='line_1_15' title="bbox 185 1954 1539 2047; baseline 0.001 -25"><span class='ocrx_word' id='word_1_82' title='bbox 185 1954 240 2042; x_wconf 89' lang='grc'><strong>[92</strong></span> <span class='ocrx_word' id='word_1_83' title='bbox 264 1957 325 2023; x_wconf 86' lang='grc'><strong>119</strong></span> <span class='ocrx_word' id='word_1_84' title='bbox 350 1957 408 2020; x_wconf 94' lang='grc'><strong>121</strong></span> <span class='ocrx_word' id='word_1_85' title='bbox 434 1959 494 2023; x_wconf 91' lang='grc'><strong>126</strong></span> <span class='ocrx_word' id='word_1_86' title='bbox 536 1959 576 2023; x_wconf 93' lang='lat' dir='ltr'><strong>ob</strong></span> <span class='ocrx_word' id='word_1_87' title='bbox 600 1959 719 2024; x_wconf 81' lang='lat' dir='ltr'><strong>ferrum</strong></span> <span class='ocrx_word' id='word_1_88' title='bbox 742 1961 876 2026; x_wconf 89' lang='lat' dir='ltr'><strong>inlatum</strong></span> <span class='ocrx_word' id='word_1_89' title='bbox 899 1963 1044 2042; x_wconf 86' lang='lat' dir='ltr'><strong>(elatum)</strong></span> <span class='ocrx_word' id='word_1_90' title='bbox 1068 1963 1245 2046; x_wconf 83' lang='lat' dir='ltr'><strong>scripturae</strong></span> <span class='ocrx_word' id='word_1_91' title='bbox 1265 1970 1297 2027; x_wconf 90' lang='lat' dir='ltr'><strong>et</strong></span> <span class='ocrx_word' id='word_1_92' title='bbox 1312 1963 1335 2047; x_wconf 87' lang='lat'><strong>¹)</strong></span> <span class='ocrx_word' id='word_1_93' title='bbox 1358 1961 1539 2045; x_wconf 80' lang='lat' dir='ltr'><strong>scalpturae</strong></span> 
     </span>
    </p>
   </div>
   <div class='ocr_carea' id='block_1_10' title="bbox 283 2057 1138 2148">
    <p class='ocr_par' dir='ltr' id='par_1_11' title="bbox 283 2057 1138 2148">
     <span class='ocr_line' id='line_1_16' title="bbox 283 2057 1138 2148; baseline 0.007 -28"><span class='ocrx_word' id='word_1_94' title='bbox 283 2057 356 2144; x_wconf 75' lang='lat'>130]</span> <span class='ocrx_word' id='word_1_95' title='bbox 382 2059 442 2124; x_wconf 85' lang='grc'><strong>156</strong></span> <span class='ocrx_word' id='word_1_96' title='bbox 582 2061 748 2143; x_wconf 86' lang='lat' dir='ltr'><strong>magisteri</strong></span> <span class='ocrx_word' id='word_1_97' title='bbox 771 2063 981 2128; x_wconf 85' lang='lat' dir='ltr'><strong>consummati</strong></span> <span class='ocrx_word' id='word_1_98' title='bbox 1004 2067 1099 2126; x_wconf 86' lang='lat' dir='ltr'><strong>illias.</strong></span> <span class='ocrx_word' id='word_1_99' title='bbox 1113 2063 1138 2148; x_wconf 83' lang='lat'><strong>&#39;)</strong></span> 
     </span>
    </p>
   </div>
   <div class='ocr_carea' id='block_1_11' title="bbox 538 2163 1552 4042">
    <p class='ocr_par' dir='ltr' id='par_1_12' title="bbox 539 2163 1542 2232">
     <span class='ocr_line' id='line_1_17' title="bbox 539 2163 1542 2232; baseline 0.004 -18"><span class='ocrx_word' id='word_1_100' title='bbox 539 2163 561 2230; x_wconf 71' lang='grc' dir='ltr'><strong>Ι)</strong></span> <span class='ocrx_word' id='word_1_101' title='bbox 580 2164 658 2214; x_wconf 83' lang='lat' dir='ltr'><strong>oeric</strong></span> <span class='ocrx_word' id='word_1_102' title='bbox 677 2169 706 2215; x_wconf 83' lang='lat' dir='ltr'><strong>et</strong></span> <span class='ocrx_word' id='word_1_103' title='bbox 724 2164 876 2232; x_wconf 83' lang='lat' dir='ltr'><strong>scripturae</strong></span> <span class='ocrx_word' id='word_1_104' title='bbox 895 2167 993 2216; x_wconf 86' lang='lat' dir='ltr'><strong>omissa</strong></span> <span class='ocrx_word' id='word_1_105' title='bbox 1010 2177 1071 2218; x_wconf 86' lang='lat' dir='ltr'><strong>eunt</strong></span> <span class='ocrx_word' id='word_1_106' title='bbox 1090 2169 1119 2217; x_wconf 88' lang='lat' dir='ltr'><strong>in</strong></span> <span class='ocrx_word' id='word_1_107' title='bbox 1138 2168 1204 2218; x_wconf 82' lang='lat' dir='ltr'><strong>artis</strong></span> <span class='ocrx_word' id='word_1_108' title='bbox 1228 2165 1369 2218; x_wconf 85' lang='lat' dir='ltr'><strong>iulatiorris</strong></span> <span class='ocrx_word' id='word_1_109' title='bbox 1397 2167 1464 2218; x_wconf 83' lang='lat' dir='ltr'><strong>unni</strong></span> <span class='ocrx_word' id='word_1_110' title='bbox 1483 2165 1542 2218; x_wconf 81' lang='lat'><strong>156.</strong></span> 
     </span>
    </p>

    <p class='ocr_par' dir='ltr' id='par_1_13' title="bbox 538 2229 1552 4042">
     <span class='ocr_line' id='line_1_18' title="bbox 538 2229 1542 2305; baseline 0.001 -21"><span class='ocrx_word' id='word_1_111' title='bbox 538 2229 560 2298; x_wconf 77' lang='lat'><strong>²)</strong></span> <span class='ocrx_word' id='word_1_112' title='bbox 579 2235 609 2284; x_wconf 84' lang='lat' dir='ltr'><strong>in</strong></span> <span class='ocrx_word' id='word_1_113' title='bbox 627 2234 742 2301; x_wconf 72' lang='lat' dir='ltr'><strong>einpulis</strong></span> <span class='ocrx_word' id='word_1_114' title='bbox 769 2235 884 2286; x_wconf 81' lang='lat' dir='ltr'><strong>uersibus</strong></span> <span class='ocrx_word' id='word_1_115' title='bbox 903 2253 961 2285; x_wconf 83' lang='lat' dir='ltr'><strong>eum</strong></span> <span class='ocrx_word' id='word_1_116' title='bbox 990 2238 1188 2305; x_wconf 76' lang='lat' dir='ltr'><strong>quinquepenne</strong></span> <span class='ocrx_word' id='word_1_117' title='bbox 1199 2237 1261 2302; x_wconf 84' lang='lat' dir='ltr'><strong>fere</strong></span> <span class='ocrx_word' id='word_1_118' title='bbox 1287 2237 1391 2287; x_wconf 80' lang='lat' dir='ltr'><strong>litterae</strong></span> <span class='ocrx_word' id='word_1_119' title='bbox 1416 2247 1542 2286; x_wconf 79' lang='lat' dir='ltr'><strong>euaratce</strong></span> 
     </span>
     <span class='ocr_line' id='line_1_19' title="bbox 587 2305 1542 2374; baseline 0.003 -22"><span class='ocrx_word' id='word_1_120' title='bbox 587 2305 650 2366; x_wconf 82' lang='lat' dir='ltr'><strong>rint,</strong></span> <span class='ocrx_word' id='word_1_121' title='bbox 679 2319 727 2354; x_wconf 86' lang='lat' dir='ltr'><strong>nee</strong></span> <span class='ocrx_word' id='word_1_122' title='bbox 753 2306 856 2370; x_wconf 83' lang='lat' dir='ltr'><strong>possint</strong></span> <span class='ocrx_word' id='word_1_123' title='bbox 882 2306 998 2372; x_wconf 80' lang='lat' dir='ltr'><strong>descisse</strong></span> <span class='ocrx_word' id='word_1_124' title='bbox 1029 2307 1108 2356; x_wconf 80' lang='lat' dir='ltr'><strong>verta</strong></span> <span class='ocrx_word' id='word_1_125' title='bbox 1140 2305 1299 2374; x_wconf 80' lang='lat' dir='ltr'><strong>scalpturae</strong></span> <span class='ocrx_word' id='word_1_126' title='bbox 1329 2311 1358 2357; x_wconf 88' lang='lat' dir='ltr'><strong>et</strong></span> <span class='ocrx_word' id='word_1_127' title='bbox 1388 2305 1542 2374; x_wconf 72' lang='lat' dir='ltr'><strong>scripturae</strong></span> 
     </span>
     <span class='ocr_line' id='line_1_20' title="bbox 587 2373 1543 2443; baseline 0.004 -21"><span class='ocrx_word' id='word_1_128' title='bbox 587 2384 696 2438; x_wconf 84' lang='lat' dir='ltr'><strong>propter</strong></span> <span class='ocrx_word' id='word_1_129' title='bbox 715 2373 914 2426; x_wconf 80' lang='lat' dir='ltr'><strong>similitudinem</strong></span> <span class='ocrx_word' id='word_1_130' title='bbox 933 2387 1050 2426; x_wconf 86' lang='lat' dir='ltr'><strong>aetorum</strong></span> <span class='ocrx_word' id='word_1_131' title='bbox 1069 2393 1135 2440; x_wconf 82' lang='lat' dir='ltr'><strong>quae</strong></span> <span class='ocrx_word' id='word_1_132' title='bbox 1149 2377 1185 2426; x_wconf 86' lang='lat' dir='ltr'><strong>ad</strong></span> <span class='ocrx_word' id='word_1_133' title='bbox 1204 2376 1340 2426; x_wconf 83' lang='lat' dir='ltr'><strong>elationem</strong></span> <span class='ocrx_word' id='word_1_134' title='bbox 1352 2377 1494 2443; x_wconf 76' lang='lat' dir='ltr'><strong>pertinent,</strong></span> <span class='ocrx_word' id='word_1_135' title='bbox 1514 2377 1543 2426; x_wconf 87' lang='lat' dir='ltr'><strong>in</strong></span> 
     </span>
     <span class='ocr_line' id='line_1_21' title="bbox 587 2443 1543 2512; baseline 0.002 -20"><span class='ocrx_word' id='word_1_136' title='bbox 587 2443 759 2494; x_wconf 76' lang='lat' dir='ltr'><strong>restituendis</strong></span> <span class='ocrx_word' id='word_1_137' title='bbox 779 2445 845 2496; x_wconf 82' lang='lat' dir='ltr'><strong>actis</strong></span> <span class='ocrx_word' id='word_1_138' title='bbox 861 2445 898 2496; x_wconf 83' lang='lat' dir='ltr'><strong>od</strong></span> <span class='ocrx_word' id='word_1_139' title='bbox 916 2445 1071 2496; x_wconf 78' lang='lat' dir='ltr'><strong>iniectionem</strong></span> <span class='ocrx_word' id='word_1_140' title='bbox 1084 2447 1261 2510; x_wconf 69' lang='lat' dir='ltr'><strong>spectantibus</strong></span> <span class='ocrx_word' id='word_1_141' title='bbox 1272 2455 1382 2511; x_wconf 84' lang='lat' dir='ltr'><strong>propter</strong></span> <span class='ocrx_word' id='word_1_142' title='bbox 1395 2447 1543 2512; x_wconf 69' lang='lat' dir='ltr'><strong>culpantium</strong></span> 
     </span>
     <span class='ocr_line' id='line_1_22' title="bbox 588 2512 1542 2578; baseline 0.001 -16"><span class='ocrx_word' id='word_1_143' title='bbox 588 2514 672 2578; x_wconf 84' lang='lat' dir='ltr'><strong>spatii</strong></span> <span class='ocrx_word' id='word_1_144' title='bbox 693 2512 797 2564; x_wconf 76' lang='lat' dir='ltr'><strong>verbum</strong></span> <span class='ocrx_word' id='word_1_145' title='bbox 810 2513 991 2566; x_wconf 81' lang='lat' dir='ltr'><strong>consummati</strong></span> <span class='ocrx_word' id='word_1_146' title='bbox 1008 2517 1177 2566; x_wconf 82' lang='lat' dir='ltr'><strong>onsitterrdunr</strong></span> <span class='ocrx_word' id='word_1_147' title='bbox 1194 2526 1231 2566; x_wconf 88' lang='lat' dir='ltr'><strong>est</strong></span> <span class='ocrx_word' id='word_1_148' title='bbox 1243 2515 1285 2568; x_wconf 79' lang='lat'><strong>92.</strong></span> <span class='ocrx_word' id='word_1_149' title='bbox 1302 2541 1335 2552; x_wconf 92' lang='lat'><em>-</em></span> <span class='ocrx_word' id='word_1_150' title='bbox 1352 2514 1386 2566; x_wconf 88' lang='lat' dir='ltr'><strong>In</strong></span> <span class='ocrx_word' id='word_1_151' title='bbox 1403 2517 1468 2566; x_wconf 85' lang='lat' dir='ltr'><strong>artie</strong></span> <span class='ocrx_word' id='word_1_152' title='bbox 1488 2515 1542 2564; x_wconf 84' lang='lat' dir='ltr'><strong>eia·</strong></span> 
     </span>
     <span class='ocr_line' id='line_1_23' title="bbox 590 2583 1543 2704; baseline 0 -73"><span class='ocrx_word' id='word_1_153' title='bbox 590 2583 669 2632; x_wconf 81' lang='lat' dir='ltr'><strong>tionis</strong></span> <span class='ocrx_word' id='word_1_154' title='bbox 687 2597 778 2633; x_wconf 83' lang='lat' dir='ltr'><strong>nornen</strong></span> <span class='ocrx_word' id='word_1_155' title='bbox 797 2585 919 2650; x_wconf 64' lang='lat' dir='ltr'><strong>magistri</strong></span> <span class='ocrx_word' id='word_1_156' title='bbox 942 2585 1047 2635; x_wconf 82' lang='lat' dir='ltr'><strong>uidetur</strong></span> <span class='ocrx_word' id='word_1_157' title='bbox 1067 2587 1187 2634; x_wconf 84' lang='lat' dir='ltr'><strong>omissum</strong></span> <span class='ocrx_word' id='word_1_158' title='bbox 1198 2585 1302 2704; x_wconf 51' lang='lat' dir='ltr'><strong>piatone:</strong></span> <span class='ocrx_word' id='word_1_159' title='bbox 1319 2586 1439 2650; x_wconf 85' lang='lat' dir='ltr'><strong>fortasse</strong></span> <span class='ocrx_word' id='word_1_160' title='bbox 1459 2587 1543 2650; x_wconf 83' lang='lat' dir='ltr'><strong>scrip·</strong></span> 
     </span>
     <span class='ocr_line' id='line_1_24' title="bbox 591 2653 1543 2722; baseline 0.002 -20"><span class='ocrx_word' id='word_1_161' title='bbox 591 2661 644 2702; x_wconf 88' lang='lat' dir='ltr'><strong>tum</strong></span> <span class='ocrx_word' id='word_1_162' title='bbox 662 2653 700 2703; x_wconf 83' lang='lat' dir='ltr'><strong>ibi</strong></span> <span class='ocrx_word' id='word_1_163' title='bbox 723 2663 780 2704; x_wconf 88' lang='lat' dir='ltr'><strong>erat</strong></span> <span class='ocrx_word' id='word_1_164' title='bbox 799 2659 905 2721; x_wconf 74' lang='lat' dir='ltr'><strong>stuprat</strong></span> <span class='ocrx_word' id='word_1_165' title='bbox 925 2653 1045 2722; x_wconf 74' lang='lat' dir='ltr'><strong>sicripti)</strong></span> <span class='ocrx_word' id='word_1_166' title='bbox 1065 2655 1124 2706; x_wconf 89' lang='grc'><strong>126.</strong></span> <span class='ocrx_word' id='word_1_167' title='bbox 1145 2681 1178 2691; x_wconf 92' lang='grc'>-</span> <span class='ocrx_word' id='word_1_168' title='bbox 1199 2683 1207 2704; x_wconf 66' lang='lat' dir='ltr'><strong>r</strong></span> <span class='ocrx_word' id='word_1_169' title='bbox 1229 2653 1361 2720; x_wconf 72' lang='lat' dir='ltr'><strong>agisserio</strong></span> <span class='ocrx_word' id='word_1_170' title='bbox 1391 2656 1439 2704; x_wconf 77' lang='lat' dir='ltr'><strong>sicl</strong></span> <span class='ocrx_word' id='word_1_171' title='bbox 1467 2655 1543 2704; x_wconf 85' lang='lat' dir='ltr'><strong>illius</strong></span> 
     </span>
     <span class='ocr_line' id='line_1_25' title="bbox 589 2722 1543 2787; baseline -0.001 -14"><span class='ocrx_word' id='word_1_172' title='bbox 589 2722 768 2773; x_wconf 78' lang='lat' dir='ltr'><strong>consummati</strong></span> <span class='ocrx_word' id='word_1_173' title='bbox 780 2723 831 2775; x_wconf 77' lang='lat'><strong>156</strong></span> <span class='ocrx_word' id='word_1_174' title='bbox 841 2723 916 2773; x_wconf 81' lang='lat' dir='ltr'><strong>iniat.</strong></span> <span class='ocrx_word' id='word_1_175' title='bbox 931 2751 959 2760; x_wconf 93' lang='lat'>-</span> <span class='ocrx_word' id='word_1_176' title='bbox 974 2727 1042 2776; x_wconf 79' lang='lat' dir='ltr'><strong>Aeta</strong></span> <span class='ocrx_word' id='word_1_177' title='bbox 1060 2725 1124 2774; x_wconf 86' lang='lat' dir='ltr'><strong>anni</strong></span> <span class='ocrx_word' id='word_1_178' title='bbox 1134 2723 1168 2776; x_wconf 78' lang='lat'><strong>92</strong></span> <span class='ocrx_word' id='word_1_179' title='bbox 1187 2723 1223 2774; x_wconf 85' lang='lat' dir='ltr'><strong>cd</strong></span> <span class='ocrx_word' id='word_1_180' title='bbox 1242 2725 1382 2774; x_wconf 82' lang='lat' dir='ltr'><strong>clationem</strong></span> <span class='ocrx_word' id='word_1_181' title='bbox 1400 2723 1468 2784; x_wconf 68' lang='lat' dir='ltr'><strong>ferri</strong></span> <span class='ocrx_word' id='word_1_182' title='bbox 1484 2740 1543 2787; x_wconf 84' lang='lat' dir='ltr'><strong>per·</strong></span> 
     </span>
     <span class='ocr_line' id='line_1_26' title="bbox 590 2791 1545 2913; baseline -0.002 -71"><span class='ocrx_word' id='word_1_183' title='bbox 590 2793 702 2842; x_wconf 81' lang='lat' dir='ltr'><strong>tinentia</strong></span> <span class='ocrx_word' id='word_1_184' title='bbox 720 2793 756 2843; x_wconf 80' lang='lat' dir='ltr'><strong>sie</strong></span> <span class='ocrx_word' id='word_1_185' title='bbox 768 2793 830 2860; x_wconf 80' lang='lat' dir='ltr'><strong>sere</strong></span> <span class='ocrx_word' id='word_1_186' title='bbox 848 2804 973 2860; x_wconf 79' lang='lat' dir='ltr'><strong>concepta</strong></span> <span class='ocrx_word' id='word_1_187' title='bbox 992 2803 1068 2844; x_wconf 78' lang='lat' dir='ltr'><strong>sunt.-</strong></span> <span class='ocrx_word' id='word_1_188' title='bbox 1095 2792 1232 2861; x_wconf 88' lang='lat' dir='ltr'><strong>piaculum</strong></span> <span class='ocrx_word' id='word_1_189' title='bbox 1262 2791 1362 2844; x_wconf 82' lang='lat' dir='ltr'><strong>iactum</strong></span> <span class='ocrx_word' id='word_1_190' title='bbox 1392 2807 1441 2913; x_wconf 85' lang='lat' dir='ltr'><strong>par</strong></span> <span class='ocrx_word' id='word_1_191' title='bbox 1467 2793 1545 2842; x_wconf 85' lang='lat' dir='ltr'><strong>iilam</strong></span> 
     </span>
     <span class='ocr_line' id='line_1_27' title="bbox 590 2859 1548 2930; baseline 0 -18"><span class='ocrx_word' id='word_1_192' title='bbox 590 2859 636 2925; x_wconf 92' lang='lat' dir='ltr'><strong>[ob</strong></span> <span class='ocrx_word' id='word_1_193' title='bbox 650 2859 751 2912; x_wconf 74' lang='lat' dir='ltr'><strong>terrum</strong></span> <span class='ocrx_word' id='word_1_194' title='bbox 771 2898 1067 2916; x_wconf 91' lang='grc'><em>............</em></span> <span class='ocrx_word' id='word_1_195' title='bbox 1072 2863 1081 2928; x_wconf 90' lang='lat'>]</span> <span class='ocrx_word' id='word_1_196' title='bbox 1101 2865 1156 2914; x_wconf 89' lang='lat' dir='ltr'><strong>tum</strong></span> <span class='ocrx_word' id='word_1_197' title='bbox 1178 2869 1206 2914; x_wconf 87' lang='lat' dir='ltr'><strong>et</strong></span> <span class='ocrx_word' id='word_1_198' title='bbox 1222 2861 1321 2914; x_wconf 86' lang='lat' dir='ltr'><strong>elatum</strong></span> <span class='ocrx_word' id='word_1_199' title='bbox 1343 2877 1389 2914; x_wconf 88' lang='lat' dir='ltr'><strong>sec</strong></span> <span class='ocrx_word' id='word_1_200' title='bbox 1404 2866 1498 2930; x_wconf 81' lang='lat' dir='ltr'><strong>pluras</strong></span> <span class='ocrx_word' id='word_1_201' title='bbox 1518 2863 1548 2912; x_wconf 87' lang='lat' dir='ltr'><strong>st</strong></span> 
     </span>
     <span class='ocr_line' id='line_1_28' title="bbox 593 2930 1545 2999; baseline -0.003 -17"><span class='ocrx_word' id='word_1_202' title='bbox 593 2930 758 2999; x_wconf 84' lang='lat' dir='ltr'><strong>{scripturae</strong></span> <span class='ocrx_word' id='word_1_203' title='bbox 777 2931 919 2998; x_wconf 80' lang='lat' dir='ltr'><strong>magistrri</strong></span> <span class='ocrx_word' id='word_1_204' title='bbox 939 2933 1119 2985; x_wconf 87' lang='lat' dir='ltr'><strong>consummati</strong></span> <span class='ocrx_word' id='word_1_205' title='bbox 1139 2932 1250 2984; x_wconf 79' lang='lat' dir='ltr'><strong>fratrum</strong></span> <span class='ocrx_word' id='word_1_206' title='bbox 1272 2931 1432 2998; x_wconf 80' lang='lat' dir='ltr'><strong>Arlvaliuur.</strong></span> <span class='ocrx_word' id='word_1_207' title='bbox 1458 2931 1545 2980; x_wconf 77' lang='lat' dir='ltr'><strong>Marl-</strong></span> 
     </span>
     <span class='ocr_line' id='line_1_29' title="bbox 591 2998 1545 3070; baseline -0.001 -19"><span class='ocrx_word' id='word_1_208' title='bbox 591 3002 653 3052; x_wconf 82' lang='lat' dir='ltr'><strong>nisu</strong></span> <span class='ocrx_word' id='word_1_209' title='bbox 672 3001 787 3066; x_wconf 68' lang='lat' dir='ltr'><strong>explerit</strong></span> <span class='ocrx_word' id='word_1_210' title='bbox 804 3004 856 3053; x_wconf 87' lang='lat' dir='ltr'><strong>sie:</strong></span> <span class='ocrx_word' id='word_1_211' title='bbox 875 3000 1013 3070; x_wconf 78' lang='lat' dir='ltr'><strong>piaculum</strong></span> <span class='ocrx_word' id='word_1_212' title='bbox 1027 3013 1072 3054; x_wconf 86' lang='lat' dir='ltr'><strong>eet.</strong></span> <span class='ocrx_word' id='word_1_213' title='bbox 1093 3002 1139 3067; x_wconf 85' lang='lat' dir='ltr'><strong>[ob</strong></span> <span class='ocrx_word' id='word_1_214' title='bbox 1160 3003 1259 3054; x_wconf 82' lang='lat' dir='ltr'><strong>farrum</strong></span> <span class='ocrx_word' id='word_1_215' title='bbox 1275 3002 1309 3053; x_wconf 86' lang='lat' dir='ltr'><strong>de</strong></span> <span class='ocrx_word' id='word_1_216' title='bbox 1324 3000 1393 3053; x_wconf 89' lang='lat' dir='ltr'><strong>aede</strong></span> <span class='ocrx_word' id='word_1_217' title='bbox 1408 2998 1545 3066; x_wconf 82' lang='lat' dir='ltr'><strong>aducltum</strong></span> 
     </span>
     <span class='ocr_line' id='line_1_30' title="bbox 592 3069 1545 3140; baseline 0.001 -20"><span class='ocrx_word' id='word_1_218' title='bbox 592 3075 622 3122; x_wconf 87' lang='lat' dir='ltr'><strong>et</strong></span> <span class='ocrx_word' id='word_1_219' title='bbox 639 3069 739 3122; x_wconf 84' lang='lat' dir='ltr'><strong>elatam</strong></span> <span class='ocrx_word' id='word_1_220' title='bbox 759 3070 915 3140; x_wconf 86' lang='lat' dir='ltr'><strong>scalpturae</strong></span> <span class='ocrx_word' id='word_1_221' title='bbox 935 3075 961 3122; x_wconf 89' lang='lat' dir='ltr'><strong>et</strong></span> <span class='ocrx_word' id='word_1_222' title='bbox 980 3072 1145 3139; x_wconf 86' lang='lat' dir='ltr'><strong>[scripturae</strong></span> <span class='ocrx_word' id='word_1_223' title='bbox 1165 3071 1307 3124; x_wconf 86' lang='lat' dir='ltr'><strong>marmoris</strong></span> <span class='ocrx_word' id='word_1_224' title='bbox 1326 3075 1353 3123; x_wconf 86' lang='lat' dir='ltr'><strong>et</strong></span> <span class='ocrx_word' id='word_1_225' title='bbox 1372 3069 1464 3140; x_wconf 82' lang='lat' dir='ltr'><strong>operis</strong></span> <span class='ocrx_word' id='word_1_226' title='bbox 1484 3085 1545 3139; x_wconf 89' lang='lat' dir='ltr'><strong>per·</strong></span> 
     </span>
     <span class='ocr_line' id='line_1_31' title="bbox 591 3135 1547 3210; baseline -0.001 -20"><span class='ocrx_word' id='word_1_227' title='bbox 591 3135 658 3191; x_wconf 84' lang='lat' dir='ltr'><strong>isati</strong></span> <span class='ocrx_word' id='word_1_228' title='bbox 676 3153 727 3208; x_wconf 82' lang='lat' dir='ltr'><strong>par</strong></span> <span class='ocrx_word' id='word_1_229' title='bbox 744 3139 873 3210; x_wconf 85' lang='lat' dir='ltr'><strong>publicos</strong></span> <span class='ocrx_word' id='word_1_230' title='bbox 893 3139 1002 3193; x_wconf 78' lang='lat' dir='ltr'><strong>fratrum</strong></span> <span class='ocrx_word' id='word_1_231' title='bbox 1023 3140 1174 3206; x_wconf 80' lang='lat' dir='ltr'><strong>Arlralium</strong></span> <span class='ocrx_word' id='word_1_232' title='bbox 1195 3151 1242 3192; x_wconf 87' lang='lat' dir='ltr'><strong>eet.</strong></span> <span class='ocrx_word' id='word_1_233' title='bbox 1275 3142 1335 3192; x_wconf 84' lang='lat' dir='ltr'><strong>item</strong></span> <span class='ocrx_word' id='word_1_234' title='bbox 1358 3142 1386 3192; x_wconf 88' lang='lat' dir='ltr'><strong>in</strong></span> <span class='ocrx_word' id='word_1_235' title='bbox 1406 3142 1471 3192; x_wconf 80' lang='lat' dir='ltr'><strong>actis</strong></span> <span class='ocrx_word' id='word_1_236' title='bbox 1486 3140 1547 3204; x_wconf 83' lang='lat' dir='ltr'><strong>pic·</strong></span> 
     </span>
     <span class='ocr_line' id='line_1_32' title="bbox 592 3209 1547 3278; baseline 0.001 -20"><span class='ocrx_word' id='word_1_237' title='bbox 592 3209 647 3260; x_wconf 85' lang='lat' dir='ltr'><strong>cuii</strong></span> <span class='ocrx_word' id='word_1_238' title='bbox 665 3211 696 3260; x_wconf 83' lang='lat' dir='ltr'><strong>ob</strong></span> <span class='ocrx_word' id='word_1_239' title='bbox 715 3211 871 3262; x_wconf 86' lang='lat' dir='ltr'><strong>inlationem</strong></span> <span class='ocrx_word' id='word_1_240' title='bbox 882 3212 957 3278; x_wconf 84' lang='lat' dir='ltr'><strong>sacti</strong></span> <span class='ocrx_word' id='word_1_241' title='bbox 970 3221 1034 3278; x_wconf 84' lang='lat' dir='ltr'><strong>poet</strong></span> <span class='ocrx_word' id='word_1_242' title='bbox 1050 3213 1156 3262; x_wconf 78' lang='lat' dir='ltr'><strong>uerbum</strong></span> <span class='ocrx_word' id='word_1_243' title='bbox 1174 3209 1288 3262; x_wconf 84' lang='lat' dir='ltr'><strong>inlutum</strong></span> <span class='ocrx_word' id='word_1_244' title='bbox 1301 3213 1455 3262; x_wconf 83' lang='lat' dir='ltr'><strong>inseruntur</strong></span> <span class='ocrx_word' id='word_1_245' title='bbox 1467 3210 1547 3260; x_wconf 82' lang='lat' dir='ltr'><strong>uerba</strong></span> 
     </span>
     <span class='ocr_line' id='line_1_33' title="bbox 592 3275 1548 3348; baseline 0 -20"><span class='ocrx_word' id='word_1_246' title='bbox 592 3278 619 3329; x_wconf 86' lang='lat' dir='ltr'><strong>in</strong></span> <span class='ocrx_word' id='word_1_247' title='bbox 648 3275 755 3330; x_wconf 81' lang='lat' dir='ltr'><strong>aedem.</strong></span> <span class='ocrx_word' id='word_1_248' title='bbox 792 3279 883 3346; x_wconf 82' lang='lat' dir='ltr'><strong>Neque</strong></span> <span class='ocrx_word' id='word_1_249' title='bbox 912 3291 998 3332; x_wconf 87' lang='lat' dir='ltr'><strong>tamen</strong></span> <span class='ocrx_word' id='word_1_250' title='bbox 1023 3297 1140 3347; x_wconf 84' lang='lat' dir='ltr'><strong>unquam</strong></span> <span class='ocrx_word' id='word_1_251' title='bbox 1164 3281 1317 3331; x_wconf 86' lang='lat' dir='ltr'><strong>Domitiano</strong></span> <span class='ocrx_word' id='word_1_252' title='bbox 1344 3283 1491 3348; x_wconf 85' lang='lat' dir='ltr'><strong>imperante</strong></span> <span class='ocrx_word' id='word_1_253' title='bbox 1519 3280 1548 3329; x_wconf 86' lang='lat' dir='ltr'><strong>in</strong></span> 
     </span>
     <span class='ocr_line' id='line_1_34' title="bbox 592 3347 1548 3418; baseline -0.001 -20"><span class='ocrx_word' id='word_1_254' title='bbox 592 3347 658 3399; x_wconf 82' lang='lat' dir='ltr'><strong>aede</strong></span> <span class='ocrx_word' id='word_1_255' title='bbox 685 3359 744 3400; x_wconf 84' lang='lat' dir='ltr'><strong>aeta</strong></span> <span class='ocrx_word' id='word_1_256' title='bbox 771 3350 897 3401; x_wconf 81' lang='lat' dir='ltr'><strong>dicuntur</strong></span> <span class='ocrx_word' id='word_1_257' title='bbox 925 3350 1142 3418; x_wconf 65' lang='lat' dir='ltr'><strong>insculptarum,</strong></span> <span class='ocrx_word' id='word_1_258' title='bbox 1169 3367 1217 3400; x_wconf 88' lang='lat' dir='ltr'><strong>nec</strong></span> <span class='ocrx_word' id='word_1_259' title='bbox 1239 3349 1380 3415; x_wconf 79' lang='lat' dir='ltr'><strong>respondet</strong></span> <span class='ocrx_word' id='word_1_260' title='bbox 1399 3351 1548 3399; x_wconf 85' lang='lat' dir='ltr'><strong>litterarum</strong></span> 
     </span>
     <span class='ocr_line' id='line_1_35' title="bbox 591 3417 1548 3484; baseline -0.002 -16"><span class='ocrx_word' id='word_1_261' title='bbox 591 3433 729 3478; x_wconf 81' lang='lat' dir='ltr'><strong>numerus,</strong></span> <span class='ocrx_word' id='word_1_262' title='bbox 741 3417 880 3484; x_wconf 77' lang='lat' dir='ltr'><strong>formulae</strong></span> <span class='ocrx_word' id='word_1_263' title='bbox 898 3429 1015 3470; x_wconf 83' lang='lat' dir='ltr'><strong>autema</strong></span> <span class='ocrx_word' id='word_1_264' title='bbox 1029 3419 1150 3470; x_wconf 83' lang='lat' dir='ltr'><strong>Marinio</strong></span> <span class='ocrx_word' id='word_1_265' title='bbox 1163 3419 1300 3470; x_wconf 77' lang='lat' dir='ltr'><strong>adhibitae</strong></span> <span class='ocrx_word' id='word_1_266' title='bbox 1319 3421 1378 3470; x_wconf 84' lang='lat' dir='ltr'><strong>aeci</strong></span> <span class='ocrx_word' id='word_1_267' title='bbox 1394 3419 1548 3469; x_wconf 74' lang='lat' dir='ltr'><strong>recentioris</strong></span> 
     </span>
     <span class='ocr_line' id='line_1_36' title="bbox 592 3487 1549 3555; baseline -0.002 -17"><span class='ocrx_word' id='word_1_268' title='bbox 592 3497 669 3539; x_wconf 85' lang='lat' dir='ltr'><strong>eunt:</strong></span> <span class='ocrx_word' id='word_1_269' title='bbox 688 3488 722 3555; x_wconf 88' lang='lat' dir='ltr'><strong>es.</strong></span> <span class='ocrx_word' id='word_1_270' title='bbox 741 3505 765 3538; x_wconf 88' lang='lat' dir='ltr'><strong>c.</strong></span> <span class='ocrx_word' id='word_1_271' title='bbox 784 3488 835 3541; x_wconf 85' lang='grc'><strong>221</strong></span> <span class='ocrx_word' id='word_1_272' title='bbox 854 3487 914 3540; x_wconf 81' lang='grc'>225.</span> <span class='ocrx_word' id='word_1_273' title='bbox 940 3487 1001 3540; x_wconf 87' lang='lat' dir='ltr'><strong>Iam</strong></span> <span class='ocrx_word' id='word_1_274' title='bbox 1020 3505 1080 3540; x_wconf 86' lang='lat' dir='ltr'><strong>cero</strong></span> <span class='ocrx_word' id='word_1_275' title='bbox 1099 3507 1157 3540; x_wconf 85' lang='lat' dir='ltr'><strong>rum</strong></span> <span class='ocrx_word' id='word_1_276' title='bbox 1175 3498 1279 3540; x_wconf 84' lang='lat' dir='ltr'><strong>notatus</strong></span> <span class='ocrx_word' id='word_1_277' title='bbox 1297 3507 1352 3540; x_wconf 84' lang='lat' dir='ltr'><strong>nan</strong></span> <span class='ocrx_word' id='word_1_278' title='bbox 1369 3491 1404 3540; x_wconf 88' lang='lat' dir='ltr'><strong>sit</strong></span> <span class='ocrx_word' id='word_1_279' title='bbox 1421 3489 1479 3539; x_wconf 86' lang='lat' dir='ltr'><strong>dies</strong></span> <span class='ocrx_word' id='word_1_280' title='bbox 1499 3503 1549 3554; x_wconf 81' lang='lat' dir='ltr'><strong>quo</strong></span> 
     </span>
     <span class='ocr_line' id='line_1_37' title="bbox 586 3557 1549 3625; baseline -0.002 -17"><span class='ocrx_word' id='word_1_281' title='bbox 586 3558 694 3624; x_wconf 84' lang='lat' dir='ltr'><strong>serrum</strong></span> <span class='ocrx_word' id='word_1_282' title='bbox 713 3557 808 3610; x_wconf 83' lang='lat' dir='ltr'><strong>elatum</strong></span> <span class='ocrx_word' id='word_1_283' title='bbox 826 3560 874 3620; x_wconf 85' lang='lat' dir='ltr'><strong>sit,</strong></span> <span class='ocrx_word' id='word_1_284' title='bbox 893 3559 982 3610; x_wconf 84' lang='lat' dir='ltr'><strong>eodem</strong></span> <span class='ocrx_word' id='word_1_285' title='bbox 1001 3559 1044 3610; x_wconf 87' lang='lat' dir='ltr'><strong>die</strong></span> <span class='ocrx_word' id='word_1_286' title='bbox 1063 3560 1167 3610; x_wconf 80' lang='lat' dir='ltr'><strong>videtur</strong></span> <span class='ocrx_word' id='word_1_287' title='bbox 1185 3560 1284 3610; x_wconf 84' lang='lat' dir='ltr'><strong>elatum</strong></span> <span class='ocrx_word' id='word_1_288' title='bbox 1302 3575 1357 3610; x_wconf 83' lang='lat' dir='ltr'><strong>esse</strong></span> <span class='ocrx_word' id='word_1_289' title='bbox 1375 3575 1425 3625; x_wconf 84' lang='lat' dir='ltr'><strong>quo</strong></span> <span class='ocrx_word' id='word_1_290' title='bbox 1438 3557 1549 3608; x_wconf 84' lang='lat' dir='ltr'><strong>inlatum</strong></span> 
     </span>
     <span class='ocr_line' id='line_1_38' title="bbox 593 3625 1549 3695; baseline -0.001 -19"><span class='ocrx_word' id='word_1_291' title='bbox 593 3637 659 3679; x_wconf 88' lang='lat' dir='ltr'><strong>erat.</strong></span> <span class='ocrx_word' id='word_1_292' title='bbox 699 3625 756 3678; x_wconf 86' lang='lat' dir='ltr'><strong>Uno</strong></span> <span class='ocrx_word' id='word_1_293' title='bbox 774 3639 861 3678; x_wconf 86' lang='lat' dir='ltr'><strong>autern</strong></span> <span class='ocrx_word' id='word_1_294' title='bbox 879 3627 923 3678; x_wconf 85' lang='lat' dir='ltr'><strong>die</strong></span> <span class='ocrx_word' id='word_1_295' title='bbox 941 3646 998 3679; x_wconf 86' lang='lat' dir='ltr'><strong>cum</strong></span> <span class='ocrx_word' id='word_1_296' title='bbox 1017 3639 1077 3679; x_wconf 86' lang='lat' dir='ltr'><strong>aeta</strong></span> <span class='ocrx_word' id='word_1_297' title='bbox 1094 3638 1226 3692; x_wconf 83' lang='lat' dir='ltr'><strong>nequeant</strong></span> <span class='ocrx_word' id='word_1_298' title='bbox 1250 3629 1335 3679; x_wconf 85' lang='lat' dir='ltr'><strong>ineisa</strong></span> <span class='ocrx_word' id='word_1_299' title='bbox 1356 3645 1420 3690; x_wconf 84' lang='lat' dir='ltr'><strong>esse,</strong></span> <span class='ocrx_word' id='word_1_300' title='bbox 1442 3630 1549 3695; x_wconf 85' lang='lat' dir='ltr'><strong>serrum</strong></span> 
     </span>
     <span class='ocr_line' id='line_1_39' title="bbox 591 3697 1550 3763; baseline -0.001 -17"><span class='ocrx_word' id='word_1_301' title='bbox 591 3698 679 3748; x_wconf 72' lang='lat' dir='ltr'><strong>nucia</strong></span> <span class='ocrx_word' id='word_1_302' title='bbox 697 3714 734 3747; x_wconf 86' lang='lat' dir='ltr'><strong>an</strong></span> <span class='ocrx_word' id='word_1_303' title='bbox 752 3697 826 3749; x_wconf 84' lang='lat' dir='ltr'><strong>credi</strong></span> <span class='ocrx_word' id='word_1_304' title='bbox 837 3699 919 3762; x_wconf 82' lang='lat' dir='ltr'><strong>possit</strong></span> <span class='ocrx_word' id='word_1_305' title='bbox 932 3708 1039 3763; x_wconf 85' lang='lat' dir='ltr'><strong>ruptum</strong></span> <span class='ocrx_word' id='word_1_306' title='bbox 1053 3713 1161 3763; x_wconf 80' lang='lat' dir='ltr'><strong>eamque</strong></span> <span class='ocrx_word' id='word_1_307' title='bbox 1175 3698 1206 3747; x_wconf 82' lang='lat' dir='ltr'><strong>ob</strong></span> <span class='ocrx_word' id='word_1_308' title='bbox 1218 3715 1326 3749; x_wconf 82' lang='lat' dir='ltr'><strong>caueam</strong></span> <span class='ocrx_word' id='word_1_309' title='bbox 1343 3699 1433 3749; x_wconf 86' lang='lat' dir='ltr'><strong>statim</strong></span> <span class='ocrx_word' id='word_1_310' title='bbox 1452 3697 1550 3748; x_wconf 85' lang='lat' dir='ltr'><strong>elatum</strong></span> 
     </span>
     <span class='ocr_line' id='line_1_40' title="bbox 594 3765 1550 3834; baseline -0.001 -18"><span class='ocrx_word' id='word_1_311' title='bbox 594 3781 657 3820; x_wconf 86' lang='lat' dir='ltr'><strong>esse.</strong></span> <span class='ocrx_word' id='word_1_312' title='bbox 692 3765 780 3820; x_wconf 79' lang='lat' dir='ltr'><strong>Nimis</strong></span> <span class='ocrx_word' id='word_1_313' title='bbox 800 3777 887 3819; x_wconf 87' lang='lat' dir='ltr'><strong>tamen</strong></span> <span class='ocrx_word' id='word_1_314' title='bbox 906 3769 1009 3820; x_wconf 87' lang='lat' dir='ltr'><strong>ineerta</strong></span> <span class='ocrx_word' id='word_1_315' title='bbox 1027 3769 1115 3818; x_wconf 85' lang='lat' dir='ltr'><strong>omnio</strong></span> <span class='ocrx_word' id='word_1_316' title='bbox 1133 3783 1213 3833; x_wconf 85' lang='lat' dir='ltr'><strong>quam</strong></span> <span class='ocrx_word' id='word_1_317' title='bbox 1237 3783 1305 3834; x_wconf 83' lang='lat' dir='ltr'><strong>quae</strong></span> <span class='ocrx_word' id='word_1_318' title='bbox 1331 3769 1360 3818; x_wconf 86' lang='lat' dir='ltr'><strong>in</strong></span> <span class='ocrx_word' id='word_1_319' title='bbox 1388 3765 1550 3818; x_wconf 86' lang='lat' dir='ltr'><strong>restituendo</strong></span> 
     </span>
     <span class='ocr_line' id='line_1_41' title="bbox 594 3835 1550 3904; baseline 0.001 -19"><span class='ocrx_word' id='word_1_320' title='bbox 594 3845 758 3888; x_wconf 83' lang='lat' dir='ltr'><strong>monumento</strong></span> <span class='ocrx_word' id='word_1_321' title='bbox 784 3838 902 3904; x_wconf 85' lang='lat' dir='ltr'><strong>proponi</strong></span> <span class='ocrx_word' id='word_1_322' title='bbox 927 3838 1067 3903; x_wconf 74' lang='lat' dir='ltr'><strong>proruerint.</strong></span> <span class='ocrx_word' id='word_1_323' title='bbox 1112 3835 1222 3887; x_wconf 83' lang='lat' dir='ltr'><strong>Verium</strong></span> <span class='ocrx_word' id='word_1_324' title='bbox 1250 3835 1416 3901; x_wconf 79' lang='lat' dir='ltr'><strong>[Arlralium</strong></span> <span class='ocrx_word' id='word_1_325' title='bbox 1445 3835 1472 3886; x_wconf 87' lang='lat' dir='ltr'><strong>in</strong></span> <span class='ocrx_word' id='word_1_326' title='bbox 1492 3837 1550 3902; x_wconf 77' lang='lat' dir='ltr'><strong>fine</strong></span> 
     </span>
     <span class='ocr_line' id='line_1_42' title="bbox 595 3905 1552 3972; baseline 0 -16"><span class='ocrx_word' id='word_1_327' title='bbox 595 3916 728 3957; x_wconf 71' lang='lat' dir='ltr'><strong>sucatum</strong></span> <span class='ocrx_word' id='word_1_328' title='bbox 741 3906 906 3970; x_wconf 78' lang='lat' dir='ltr'><strong>pullicorum</strong></span> <span class='ocrx_word' id='word_1_329' title='bbox 924 3905 1080 3957; x_wconf 82' lang='lat' dir='ltr'><strong>mentionem</strong></span> <span class='ocrx_word' id='word_1_330' title='bbox 1098 3905 1203 3956; x_wconf 82' lang='lat' dir='ltr'><strong>videtur</strong></span> <span class='ocrx_word' id='word_1_331' title='bbox 1215 3908 1355 3972; x_wconf 85' lang='lat' dir='ltr'><strong>postulare</strong></span> <span class='ocrx_word' id='word_1_332' title='bbox 1360 3924 1370 3969; x_wconf 85' lang='lat'><em>;</em></span> <span class='ocrx_word' id='word_1_333' title='bbox 1394 3906 1441 3957; x_wconf 83' lang='lat' dir='ltr'><strong>sed</strong></span> <span class='ocrx_word' id='word_1_334' title='bbox 1466 3905 1552 3956; x_wconf 83' lang='lat' dir='ltr'><strong>obstat</strong></span> 
     </span>
     <span class='ocr_line' id='line_1_43' title="bbox 594 3974 1264 4042; baseline 0 -16"><span class='ocrx_word' id='word_1_335' title='bbox 594 3974 666 4042; x_wconf 74' lang='lat' dir='ltr'><strong>quod</strong></span> <span class='ocrx_word' id='word_1_336' title='bbox 682 3976 721 4027; x_wconf 87' lang='lat' dir='ltr'><strong>sic</strong></span> <span class='ocrx_word' id='word_1_337' title='bbox 739 3975 842 4028; x_wconf 81' lang='lat' dir='ltr'><strong>calator</strong></span> <span class='ocrx_word' id='word_1_338' title='bbox 861 3976 915 4026; x_wconf 85' lang='lat' dir='ltr'><strong>laea</strong></span> <span class='ocrx_word' id='word_1_339' title='bbox 932 3977 1023 4041; x_wconf 81' lang='lat' dir='ltr'><strong>priore</strong></span> <span class='ocrx_word' id='word_1_340' title='bbox 1044 3985 1264 4026; x_wconf 79' lang='lat' dir='ltr'><strong>commemoratur.</strong></span> 
     </span>
    </p>
   </div>
   <div class='ocr_carea' id='block_1_12' title="bbox 196 4073 1553 4196">
    <p class='ocr_par' dir='ltr' id='par_1_14' title="bbox 196 4073 1553 4196">
     <span class='ocr_line' id='line_1_44' title="bbox 196 4073 1553 4196; baseline 0 -23"><span class='ocrx_word' id='word_1_341' title='bbox 196 4073 335 4194; x_wconf 69' lang='lat' dir='ltr'><strong>[usuc.</strong></span> <span class='ocrx_word' id='word_1_342' title='bbox 358 4107 385 4172; x_wconf 72' lang='lat' dir='ltr'><strong>lt</strong></span> <span class='ocrx_word' id='word_1_343' title='bbox 409 4105 481 4196; x_wconf 86' lang='lat'>184]</span> <span class='ocrx_word' id='word_1_344' title='bbox 548 4110 588 4174; x_wconf 93' lang='lat' dir='ltr'><strong>ob</strong></span> <span class='ocrx_word' id='word_1_345' title='bbox 634 4109 710 4178; x_wconf 80' lang='lat' dir='ltr'><strong>farri</strong></span> <span class='ocrx_word' id='word_1_346' title='bbox 732 4111 920 4178; x_wconf 88' lang='lat' dir='ltr'><strong>inlationam</strong></span> <span class='ocrx_word' id='word_1_347' title='bbox 938 4111 961 4191; x_wconf 88' lang='lat'><strong>¹)</strong></span> <span class='ocrx_word' id='word_1_348' title='bbox 1011 4111 1208 4191; x_wconf 88' lang='lat' dir='ltr'><strong>(elationem)</strong></span> <span class='ocrx_word' id='word_1_349' title='bbox 1227 4110 1253 4196; x_wconf 86' lang='lat'><strong>¹)</strong></span> <span class='ocrx_word' id='word_1_350' title='bbox 1302 4109 1478 4194; x_wconf 86' lang='lat' dir='ltr'><strong>scripturae</strong></span> <span class='ocrx_word' id='word_1_351' title='bbox 1521 4115 1553 4173; x_wconf 87' lang='lat' dir='ltr'><strong>et</strong></span> 
     </span>
    </p>
   </div>
   <div class='ocr_carea' id='block_1_13' title="bbox 590 4212 1150 4297">
    <p class='ocr_par' dir='ltr' id='par_1_15' title="bbox 590 4212 1150 4297">
     <span class='ocr_line' id='line_1_45' title="bbox 590 4212 1150 4297; baseline 0.002 -20"><span class='ocrx_word' id='word_1_352' title='bbox 590 4213 772 4297; x_wconf 74' lang='lat' dir='ltr'><strong>scalpturae</strong></span> <span class='ocrx_word' id='word_1_353' title='bbox 794 4212 962 4296; x_wconf 79' lang='lat' dir='ltr'><strong>magisteri</strong></span> <span class='ocrx_word' id='word_1_354' title='bbox 983 4213 1150 4295; x_wconf 80' lang='lat' dir='ltr'><strong>peracti.⁸)</strong></span> 
     </span>
    </p>
   </div>
   <div class='ocr_carea' id='block_1_14' title="bbox 549 4313 1556 4714">
    <p class='ocr_par' dir='ltr' id='par_1_16' title="bbox 551 4313 784 4378">
     <span class='ocr_line' id='line_1_46' title="bbox 551 4313 784 4378; baseline 0 -12"><span class='ocrx_word' id='word_1_355' title='bbox 551 4313 571 4378; x_wconf 87' lang='lat'><strong>¹)</strong></span> <span class='ocrx_word' id='word_1_356' title='bbox 590 4313 704 4367; x_wconf 84' lang='lat' dir='ltr'><strong>inlatam</strong></span> <span class='ocrx_word' id='word_1_357' title='bbox 725 4313 784 4370; x_wconf 81' lang='lat'>184.</span> 
     </span>
    </p>

    <p class='ocr_par' dir='ltr' id='par_1_17' title="bbox 549 4382 784 4442">
     <span class='ocr_line' id='line_1_47' title="bbox 549 4382 784 4442; baseline -0.034 0"><span class='ocrx_word' id='word_1_358' title='bbox 549 4382 569 4442; x_wconf 75' lang='lat' dir='ltr'><strong>&#39;l</strong></span> <span class='ocrx_word' id='word_1_359' title='bbox 590 4382 704 4437; x_wconf 83' lang='lat' dir='ltr'><strong>elationi</strong></span> <span class='ocrx_word' id='word_1_360' title='bbox 724 4383 784 4438; x_wconf 79' lang='lat'>184.</span> 
     </span>
    </p>

    <p class='ocr_par' dir='ltr' id='par_1_18' title="bbox 550 4451 1556 4714">
     <span class='ocr_line' id='line_1_48' title="bbox 550 4451 1556 4537; baseline -0.006 -33"><span class='ocrx_word' id='word_1_361' title='bbox 550 4452 570 4516; x_wconf 77' lang='lat'><strong>⁸)</strong></span> <span class='ocrx_word' id='word_1_362' title='bbox 589 4469 620 4504; x_wconf 75' lang='lat' dir='ltr'><strong>ex</strong></span> <span class='ocrx_word' id='word_1_363' title='bbox 639 4455 705 4537; x_wconf 66' lang='lat' dir='ltr'><strong>actis</strong></span> <span class='ocrx_word' id='word_1_364' title='bbox 724 4451 836 4506; x_wconf 74' lang='lat' dir='ltr'><strong>Multo.</strong></span> <span class='ocrx_word' id='word_1_365' title='bbox 856 4451 888 4536; x_wconf 33' lang='lat'><strong>1⁴¹.</strong></span> <span class='ocrx_word' id='word_1_366' title='bbox 904 4469 991 4518; x_wconf 83' lang='lat' dir='ltr'><strong>pauco</strong></span> <span class='ocrx_word' id='word_1_367' title='bbox 1019 4453 1125 4535; x_wconf 73' lang='lat' dir='ltr'><strong>quidem</strong></span> <span class='ocrx_word' id='word_1_368' title='bbox 1155 4461 1304 4518; x_wconf 81' lang='lat' dir='ltr'><strong>supersunt,</strong></span> <span class='ocrx_word' id='word_1_369' title='bbox 1332 4451 1379 4534; x_wconf 71' lang='lat' dir='ltr'><strong>sed</strong></span> <span class='ocrx_word' id='word_1_370' title='bbox 1406 4465 1556 4532; x_wconf 64' lang='lat' dir='ltr'><strong>piraeeum</strong></span> 
     </span>
     <span class='ocr_line' id='line_1_49' title="bbox 598 4521 1556 4714; baseline -0.005 -71"><span class='ocrx_word' id='word_1_371' title='bbox 598 4531 664 4712; x_wconf 59' lang='lat' dir='ltr'><strong>{tt</strong></span> <span class='ocrx_word' id='word_1_372' title='bbox 675 4521 1414 4714; x_wconf 45' lang='lat' dir='ltr'><strong>didddctmdfffflfflitwedam</strong></span> <span class='ocrx_word' id='word_1_373' title='bbox 1429 4535 1556 4656; x_wconf 63' lang='lat' dir='ltr'><strong>iiiiii}</strong></span> 
     </span>
     <span class='ocr_line' id='line_1_50' title="bbox 617 4670 940 4714; baseline 0 -2"><span class='ocrx_word' id='word_1_374' title='bbox 617 4671 686 4714; x_wconf 82' lang='lat' dir='ltr'><strong>tatus</strong></span> <span class='ocrx_word' id='word_1_375' title='bbox 704 4678 733 4712; x_wconf 82' lang='lat' dir='ltr'><strong>sn</strong></span> <span class='ocrx_word' id='word_1_376' title='bbox 752 4670 818 4713; x_wconf 83' lang='lat' dir='ltr'><strong>aeas</strong></span> <span class='ocrx_word' id='word_1_377' title='bbox 836 4677 861 4714; x_wconf 83' lang='lat' dir='ltr'><strong>a.</strong></span> <span class='ocrx_word' id='word_1_378' title='bbox 934 4697 940 4712; x_wconf 93' lang='lat'><em>.</em></span> 
     </span>
    </p>
   </div>
   <div class='ocr_carea' id='block_1_15' title="bbox 550 4793 1491 4965">
    <p class='ocr_par' dir='ltr' id='par_1_19' title="bbox 550 4793 1491 4965">
     <span class='ocr_line' id='line_1_51' title="bbox 550 4793 1067 4878; baseline -0.004 -19"><span class='ocrx_word' id='word_1_379' title='bbox 550 4793 627 4860; x_wconf 80' lang='lat' dir='ltr'><strong>terri</strong></span> <span class='ocrx_word' id='word_1_380' title='bbox 649 4793 808 4860; x_wconf 78' lang='lat' dir='ltr'><strong>inferendi</strong></span> <span class='ocrx_word' id='word_1_381' title='bbox 833 4793 1028 4878; x_wconf 86' lang='lat' dir='ltr'><strong>(efferendi).</strong></span> <span class='ocrx_word' id='word_1_382' title='bbox 1045 4795 1067 4874; x_wconf 88' lang='lat'><strong>¹)</strong></span> 
     </span>
     <span class='ocr_line' id='line_1_52' title="bbox 553 4897 1491 4965; baseline -0.004 -17"><span class='ocrx_word' id='word_1_383' title='bbox 553 4898 573 4965; x_wconf 86' lang='lat'><strong>¹)</strong></span> <span class='ocrx_word' id='word_1_384' title='bbox 592 4907 650 4951; x_wconf 87' lang='lat' dir='ltr'><strong>aeta</strong></span> <span class='ocrx_word' id='word_1_385' title='bbox 670 4897 807 4950; x_wconf 75' lang='lat' dir='ltr'><strong>iniectionis</strong></span> <span class='ocrx_word' id='word_1_386' title='bbox 826 4897 905 4948; x_wconf 80' lang='lat' dir='ltr'><strong>valde</strong></span> <span class='ocrx_word' id='word_1_387' title='bbox 922 4897 1016 4948; x_wconf 87' lang='lat' dir='ltr'><strong>mutilo</strong></span> <span class='ocrx_word' id='word_1_388' title='bbox 1035 4913 1066 4948; x_wconf 78' lang='lat' dir='ltr'><strong>ea</strong></span> <span class='ocrx_word' id='word_1_389' title='bbox 1084 4897 1207 4948; x_wconf 83' lang='lat' dir='ltr'><strong>elationis</strong></span> <span class='ocrx_word' id='word_1_390' title='bbox 1226 4899 1291 4948; x_wconf 84' lang='lat' dir='ltr'><strong>actis</strong></span> <span class='ocrx_word' id='word_1_391' title='bbox 1309 4898 1491 4948; x_wconf 79' lang='lat' dir='ltr'><strong>restituuntur.</strong></span> 
     </span>
    </p>
   </div>
   <div class='ocr_carea' id='block_1_16' title="bbox 1307 4979 1358 5046">
    <p class='ocr_par' dir='ltr' id='par_1_20' title="bbox 1307 4979 1358 5046">
     <span class='ocr_line' id='line_1_53' title="bbox 1307 4979 1358 5046; baseline 0 -26"><span class='ocrx_word' id='word_1_392' title='bbox 1307 4979 1358 5046; x_wconf 71' lang='grc'><strong>9*</strong></span> 
     </span>
    </p>
   </div>
   <div class='ocr_carea' id='block_1_17' title="bbox 0 0 1828 5598">
    <p class='ocr_par' dir='ltr' id='par_1_21' title="bbox 0 0 1828 5598">
     <span class='ocr_line' id='line_1_54' title="bbox 0 0 1828 5598; baseline 0 0"><span class='ocrx_word' id='word_1_393' title='bbox 0 0 1828 5598; x_wconf 95' lang='lat' dir='ltr'><strong> </strong></span> 
     </span>
    </p>
   </div>
  </div>
 </body>
</html>
