3644 5592
317 345 364 388 pm
919 316 1079 374 Exordium.

319 495 461 580 lapidem
490 495 636 575 quintum
665 493 718 558 ria
746 493 911 576 Campana
929 493 967 578 ¹),
1003 513 1100 575 quam
1123 493 1319 578 Biondius²l
1347 491 1581 559 demonstrarit
1611 509 1693 557 esse

320 619 406 678 eam,
441 616 524 678 quae
559 603 649 660 entra
680 603 803 678 portam
835 597 1044 662 Portuensem
1071 597 1185 661 relicta
1202 598 1282 679 ,risu
1318 615 1401 680 quae
1436 615 1519 662 nunc
1553 597 1693 658 Portum

322 701 426 782 ducit,
450 698 640 779 'liberisque
668 699 771 781 ripam
799 717 936 781 sequens
960 699 1171 782 pervenitad
1195 705 1334 764 veterem
1359 699 1470 764 uillam
1486 701 1692 785 pontificum,

320 803 371 866 (rui
402 821 517 866 nrrrnen
540 807 589 864 est
612 803 642 863 tc
666 803 834 882 dfcplioaa
880 801 974 866 Circa
995 801 1090 866 huius
1113 801 1185 866 riae
1209 801 1349 884 lapidem
1373 802 1519 882 quintum
1543 823 1580 867 eo
1610 804 1692 887 ipso

319 905 400 986 loco,
429 922 491 984 quo
521 902 575 964 ria
605 902 711 967 ferrea
740 902 1024 968 Ceratumcellensis
1055 903 1139 966 riom
1168 903 1332 986 publicam
1360 905 1487 988 transit,
1512 905 1609 970 riuea
1632 913 1691 970 est

323 1005 589 1071 Ceerarelliorum
613 1004 762 1086 fratrum,
785 1005 841 1068 ubi
865 1011 990 1068 orruistat
1013 1004 1112 1068 fuisse
1135 1005 1240 1070 lucum
1264 1006 1443 1071 Arvalium.
1467 1009 1516 1072 Ibi
1539 1009 1692 1091 exceptis

319 1111 433 1194 paucis
456 1107 646 1190 fragmentis
662 1109 695 1170 in
712 1107 790 1171 urbe
805 1107 857 1171 rel
874 1107 906 1170 in
923 1107 1122 1170 coemeteriis
1138 1107 1383 1171 olrristianorum
1406 1111 1542 1192 repertis
1563 1109 1692 1174 effossa

320 1214 469 1278 videntur
485 1231 557 1276 esse
572 1210 680 1274 (trunio
696 1228 779 1290 quae
802 1217 975 1292 supersunt
996 1215 1335 1273 eorummonumenta.
1360 1210 1400 1273 nt
1414 1212 1536 1293 primus
1552 1210 1689 1292 quidem
1799 1295 1800 1300 ἵ

321 1315 426 1380 Aldus
449 1313 611 1378 Manutius
627 1311 651 1396 ⁸)
680 1331 760 1392 quas
783 1312 881 1376 refert
903 1318 1023 1394 septem
1048 1311 1143 1374 bases
1165 1317 1342 1374 statuarum
1366 1314 1594 1397 imperatorum
1619 1313 1690 1378 fra-

319 1426 402 1481 trum
419 1416 595 1497 Arvalium,
619 1433 675 1476 eas
690 1413 800 1477 scribit
815 1417 847 1477 in
863 1435 939 1494 apro
956 1415 1093 1477 Fabricii
1108 1416 1234 1478 Galletti
1248 1419 1390 1495 proxime
1400 1427 1541 1498 repertos
1557 1419 1637 1479 1570
1648 1417 1688 1498 ⁸).

321 1521 370 1583 Ex
397 1519 445 1582 fris
474 1537 538 1580 nna
565 1515 684 1597 legitur
712 1515 878 1598 adscripta
905 1516 948 1579 ad
976 1516 1146 1598 imaginem
1178 1517 1211 1580 in
1240 1516 1349 1581 codiee
1378 1518 1480 1582 musei
1504 1518 1687 1582 florentini
1799 1539 1800 1556 ³

322 1627 483 1686 serratam
511 1618 679 1682 aediculae
707 1615 872 1681 cuiusdam
899 1617 1065 1701 antiquae,
1095 1634 1178 1700 qnae
1208 1619 1347 1682 traditur
1368 1619 1475 1700 vfuisse
1497 1623 1551 1682 oio
1574 1623 1688 1682 Portu·
1799 1625 1800 1660 r

322 1728 388 1786 cruri
416 1725 458 1786 ad
482 1733 625 1804 quartam
651 1723 820 1783 miliarium
835 1718 869 1801 ⁵).
914 1719 954 1782 Et
977 1718 1018 1782 de
1040 1719 1181 1800 imagine
1206 1721 1262 1783 illa
1284 1727 1399 1804 postea
1421 1721 1581 1802 agendum
1605 1723 1687 1784 erit:

321 1827 374 1890 lic
389 1825 507 1889 sufficit
522 1822 745 1886 observarisse
761 1821 887 1884 collatis
902 1819 1009 1884 verbis
1025 1819 1067 1883 ad
1084 1839 1154 1885 eam
1171 1823 1334 1886 adnotatis
1357 1823 1530 1904 verbisque
1545 1824 1686 1887 Manutii

323 1935 420 1991 antea
436 1925 543 1990 allatis
559 1944 674 2006 agrum
691 1922 832 1988 Gallettii
850 1929 997 1986 constare
1013 1921 1100 2005 apud
1117 1929 1264 2004 quartum
1282 1924 1422 2008 lapidem
1438 1925 1512 1990 riae
1529 1925 1686 1988 Portuen-

325 2031 369 2093 sis
383 2030 478 2092 situm
491 2026 600 2090 fuisse.
628 2025 810 2106 Sequuntur
826 2023 1006 2104 fragmenta
1021 2023 1222 2106 undeviginti
1239 2032 1383 2090 aetorum
1399 2047 1419 2090 a
1434 2027 1548 2092 Fulvio
1561 2027 1685 2092 Ursino

321 2132 397 2194 olim
430 2131 604 2194 adservata
635 2125 786 2206 editaque
818 2125 850 2188 in
880 2126 964 2188 notis
987 2126 1056 2189 eius
1079 2125 1122 2188 ad
1145 2127 1322 2191 Varronem
1337 2129 1376 2212 ⁶),
1410 2148 1512 2210 quae,
1538 2130 1685 2211 exceptis

324 2231 516 2314 fragmentis
545 2227 687 2309 duobus,
717 2227 818 2290 altero
847 2227 922 2290 antri
954 2228 1066 2292 incerti
1097 2227 1214 2292 aetatis
1244 2227 1372 2294 Claudii
1397 2229 1523 2313 (Claud.
1548 2231 1607 2314 A),
1636 2231 1685 2293 al·
1799 2247 1800 2296 l

323 2343 391 2398 tero
414 2334 490 2398 artui
518 2334 560 2397 59
582 2329 643 2418 (tl),
671 2327 788 2392 deinde
811 2329 898 2412 apud
920 2330 1094 2394 Farnesios
1117 2329 1317 2414 visebantur,
1341 2339 1454 2416 postea
1477 2353 1547 2396 cum
1571 2352 1684 2395 monu-

321 2437 438 2500 mentis
455 2433 662 2499 farnesianis
685 2433 718 2494 iu
740 2451 884 2496 nnrseum
906 2431 1069 2516 publicum
1093 2432 1344 2515 Neapolitanum
1359 2433 1452 2498 illata
1466 2441 1549 2516 snut,
1572 2434 1683 2515 ibique

322 2540 503 2604 etiamnunc
537 2541 655 2600 extant.
700 2533 748 2596 En
783 2535 832 2598 llis
867 2533 945 2616 duo,
979 2551 1062 2614 quae
1095 2540 1169 2597 sunt
1203 2553 1279 2616 pars
1314 2540 1455 2598 actorum
1490 2536 1566 2599 anui
1600 2533 1683 2618 60⁷)

325 2641 602 2720 fragmentumquo
620 2634 662 2698 ad
684 2653 803 2700 annum
826 2637 889 2700 ‘224
905 2635 1068 2720 pertinens
1077 2636 1112 2719 ⁸),
1130 2636 1163 2700 in
1179 2636 1307 2701 schedis
1322 2637 1514 2718 quibusdam
1530 2639 1685 2718 leguntur

328 2741 547 2822 Scaligeranis
563 2739 588 2822 ⁹)
619 2737 827 2803 adnotatione
853 2739 1006 2802 adiuncta
1028 2738 1104 2802 hac:
1133 2731 1187 2802 ‘ex
1210 2738 1330 2803 tabulis
1352 2741 1539 2804 marmoreis
1561 2741 1685 2803 Romae

324 2843 451 2908 effossis
475 2863 558 2906 anno
578 2836 685 2925 1570’;
709 2841 772 2906 duo
797 2841 863 2905 alia
885 2841 1036 2922 leguntur
1059 2840 1091 2903 in
1114 2839 1225 2904 codiee
1248 2841 1403 2905 Vaticano
1427 2842 1561 2906 Manutii
1585 2847 1684 2904 antea

323 2943 632 3028 oounnemorato¹⁰),
656 2963 830 3024 eorumque
853 2943 988 3006 alterum
1010 2941 1146 3006 traditur
1170 2942 1270 3006 fuisse
1296 2947 1347 3021 „io
1370 2965 1446 3025 apro
1463 2946 1618 3008 Gallettii“
1633 2940 1683 3024 ¹¹),

322 3049 456 3111 alterum
469 3047 613 3130 proxime
626 3045 769 3126 sequitur
784 3045 1010 3126 inscriptiones
1025 3045 1251 3128 imperatorum
1264 3051 1361 3110 antea
1373 3043 1683 3128 commemoratas'²)

321 3150 355 3211 ln
379 3148 491 3212 eodem
514 3168 593 3230 agro
616 3147 762 3211 effossas.
808 3145 888 3210 Inde
910 3145 1054 3226 seqnitur
1077 3165 1160 3208 anno
1187 3147 1269 3210 1570
1291 3167 1355 3211 non
1376 3148 1482 3212 solum
1497 3148 1592 3212 bases
1606 3147 1682 3210 illas

322 3251 561 3334 imperatorum,
584 3249 643 3313 sed
660 3247 841 3330 fragmenta
856 3267 984 3328 quoqne
1000 3247 1177 3311 Ursiniana
1192 3247 1224 3310 in
1240 3248 1336 3313 tanea
1352 3249 1549 3314 Gallettiana
1563 3249 1685 3314 effossa

321 3372 402 3416 esse.
448 3353 517 3415 Iam
548 3372 624 3416 roro
659 3349 701 3413 ad
736 3349 918 3431 fragmenta
953 3347 1129 3412 Ursiniana
1163 3351 1194 3413 in
1231 3351 1371 3416 editione
1404 3353 1507 3416 altera
1539 3349 1680 3416 thesauri

323 3455 507 3520 Gruteriani
536 3448 708 3536 adscripsit
731 3452 872 3516 Gudius:
904 3461 1015 3531 „extro
1036 3461 1159 3531 portam
1181 3455 1380 3517 Portucarcm
1403 3457 1471 3518 loco
1494 3477 1576 3518 itanc
1598 3457 1682 3516 dicto

323 3556 434 3635 affoga
456 3557 581 3638 lasiae,
604 3557 657 3616 afri
678 3557 795 3634 [ratres
819 3555 950 3616 Arvales
973 3557 1133 3634 coffepiam
1147 3557 1328 3634 dedicerant,
1345 3559 1405 3619 oid.
1421 3559 1613 3637 Li9(orius)“
1628 3556 1681 3640 '³);

396 3709 415 3770 Ι)
436 3724 460 3759 o.
478 3707 531 3761 224
551 3723 574 3761 v.
593 3708 610 3759 3
629 3711 658 3758 et
678 3708 717 3759 10.
1100 3707 1121 3772 ⁸)
1147 3707 1182 3760 ef.
1210 3708 1328 3762 Ursinus
1360 3719 1412 3762 not.
1445 3711 1482 3761 od
1510 3709 1599 3762 Calore.
1627 3714 1681 3763 eet.

393 3795 413 3860 ἱ)
434 3795 468 3847 cf.
490 3795 545 3846 Atn'
557 3795 621 3846 cerr
635 3795 789 3846 accedentia
798 3796 892 3861 pontis.
906 3795 976 3845 d'or·
1029 3793 1081 3848 213
1092 3809 1170 3864 seqq.
1191 3811 1225 3848 ex
1245 3811 1334 3864 eoque
1349 3791 1483 3849 Gruterus
1498 3797 1557 3858 117,
1573 3799 1586 3850 1
1599 3811 1677 3865 seqq.

322 3884 458 3951 cdeolopio
476 3882 530 3935 vol.
551 3881 590 3933 IX
609 3897 635 3950 p.
647 3882 708 3935 490.
1099 3882 1120 3946 ⁷)
1140 3883 1218 3935 Grut.
1232 3884 1289 3944 118,
1299 3883 1317 3935 4
1326 3901 1361 3927 =
1371 3883 1469 3935 Marini
1481 3882 1609 3951 Aroltab.
1619 3881 1681 3935 XV.

392 3968 412 4032 't
433 3968 495 4022 cod.
515 3967 672 4022 Vaticanus
691 3967 760 4022 5237
781 3965 797 4019 1.
818 3968 878 4022 198.
1099 3967 1119 4037 ⁸)
1141 3969 1372 4034 (15111114-
1390 3969 1490 4022 Marini
1505 3969 1562 4025 tab.
1578 3968 1681 4021 XLIII.

392 4056 413 4126 ⁴)
440 4055 504 4108 iudo
533 4054 631 4108 ilsdem
651 4054 744 4108 verbis
766 4051 906 4106 adiunctis
926 4068 976 4104 sex
1100 4056 1120 4122 ¹)
1145 4055 1207 4109 eod.
1243 4055 1334 4112 Paris.
1371 4055 1452 4109 fonds
1491 4055 1590 4126 Dupuy
1620 4056 1671 4109 461

322 4142 420 4196 tilulos
446 4143 532 4197 traxit
559 4141 850 4204 Donins3,15-20,
876 4141 976 4210 quibus
1029 4142 1108 4198 170.
1129 4143 1171 4197 77.

321 4235 399 4284 recte
425 4230 558 4283 Mariuius
585 4231 649 4282 Ara.
674 4245 701 4300 p.
722 4229 773 4282 718
807 4232 835 4280 et
857 4227 976 4280 Rossiua
1101 4229 1132 4295 11)
1152 4229 1221 4284 52³7
1242 4229 1259 4282 f.
1278 4231 1313 4284 85
1332 4234 1361 4282 et
1380 4233 1438 4286 199.

324 4321 396 4371 Ana.
428 4320 488 4373 inst.
519 4318 593 4369 creir.
620 4317 688 4371 1858
718 4331 745 4385 p.
763 4315 796 4370 57
829 4316 975 4384 septlmum
1102 4316 1132 4382 ¹¹)
1153 4316 1187 4371 ef.
1207 4333 1232 4372 a.
1252 4317 1683 4375 139---115τί1ιί1111).)114171ΙΙΙ

323 4403 492 4458 addiderunt
520 4403 630 4456 titulum
672 4401 820 4467 Gordiani,
857 4403 975 4456 Grutero
1101 4403 1132 4470 ι1)
1152 4422 1177 4458 a.
1197 4405 1231 4459 60
1251 4424 1285 4449 =
1304 4402 1406 4456 Marini
1423 4404 1481 4458 tab.
1501 4405 1581 4460 XVI.

323 4493 414 4558 (1085,
434 4492 483 4558 10)
509 4489 601 4544 datum
623 4505 639 4542 a
658 4487 823 4553 Sirmondo,
849 4490 877 4542 iu
898 4490 976 4542 culus
1101 4491 1131 4554 Ι1)
1151 4489 1257 4544 Eadem
1268 4489 1354 4544 refert
1367 4490 1498 4544 Mariniua
1510 4495 1584 4558 (Arc.
1595 4510 1620 4563 p.
1628 4495 1683 4559 65),

323 4579 437 4634 schedis
461 4576 600 4631 Perimula
620 4577 721 4645 (suppl.
746 4573 806 4630 Lar.
834 4576 911 4642 1418,
931 4575 975 4644 66)
1029 4579 1075 4648 qui
1100 4577 1173 4632 nudo
1199 4579 1329 4642 tranent,
1361 4577 1480 4632 Roseins
1513 4580 1596 4644 (Ana.
1621 4583 1682 4634 tarr.

323 4667 449 4720 refertur.
1029 4669 1102 4723 (cred.
1122 4667 1191 4722 1858
1209 4683 1235 4736 p.
1250 4668 1295 4730 01)
1320 4681 1352 4719 se
1379 4681 1432 4718 non
1452 4665 1594 4720 invenisse
1615 4667 1683 4720 fate·
1755 4695 1761 4705 ·

394 4753 415 4819 ι)
435 4750 498 4807 edd.
523 4750 642 4806 Abolen
668 4753 694 4805 ln
720 4755 792 4806 Aac.
817 4751 975 4804 {arnardo
1028 4757 1079 4806 tor.
1117 4753 1283 4822 Desumpeit
1314 4753 1398 4820 igitur
1425 4751 1472 4805 ille
1500 4768 1534 4805 ex
1563 4752 1683 4806 Grutero

324 4841 392 4895 1841
413 4857 438 4910 ρ.
453 4841 503 4893 181
525 4843 553 4892 et
573 4839 765 4892 MelchiorrIus
785 4857 843 4908 opp,
859 4839 916 4906 apli
929 4839 979 4890 ani
1029 4839 1073 4893 ed.
1092 4841 1117 4895 2.
1154 4840 1185 4892 In
1210 4839 1290 4892 libris
1314 4838 1474 4908 Ligeriauis
1499 4854 1552 4892 non
1572 4839 1683 4910 repperi

327 4929 398 4998 deyll
417 4927 515 4980 Arrcti
533 4943 559 4998 p.
573 4927 607 4982 57
617 4941 695 4996 seqq.
1029 4941 1063 4982 aa
1081 4943 1152 4998 qnae
1168 4926 1277 4981 Gudlus
1297 4926 1324 4980 in
1345 4927 1379 4982 iis
1392 4943 1423 4982 so
1439 4926 1543 4996 legisse
1558 4925 1683 4982 affirmat.
