3564 5606
696 331 823 400 Magistri
843 330 1023 400 flaminesque
1041 329 1161 385 suffecti.

529 573 535 586 ,
596 501 693 588 [quod
715 503 769 566 ille
789 501 943 583 magister
965 503 1097 566 fratrum
1121 501 1300 587 Arvallium
1323 499 1366 566 ad
1389 499 1519 586 [fratres
1540 501 1602 564 Ar-

634 605 724 669 vales
747 602 879 688 rettulit]
913 606 999 666 illrum
1035 603 1207 690 [flaminem
1240 604 1373 668 fratrum
1396 601 1600 688 Arvalium]

634 705 688 788 qui
712 703 909 789 valetludine
932 705 1103 789 impeditus
1126 712 1203 790 erat,
1228 703 1357 784 adlesse
1390 725 1455 770 nou
1490 703 1602 791 [posse

633 806 676 871 ad
699 826 793 871 saera
815 805 977 892 lacienlda
998 807 1105 888 dlelee
1122 807 1217 896 uitae
1239 812 1303 872 illie
1326 809 1456 891 diebuel,
1480 808 1602 874 ineius

631 907 750 992 luteum
772 905 835 992 ille]
859 906 1024 994 sulffeatus
1047 917 1106 976 est.
1136 911 1309 976 adsuerunt
1330 913 1386 974 illi.

317 1030 458 1090 Similiter
487 1027 624 1089 rideatur
653 1023 855 1101 intellegenda
883 1043 950 1088 esse
980 1028 1106 1088 frustula
1125 1029 1184 1088 duo
1209 1034 1343 1090 actorum
1364 1046 1390 1088 a.
1412 1031 1460 1104 66,
1491 1029 1602 1105 quibua

238 1125 347 1198 legitur
367 1124 423 1182 sie:

592 1281 760 1298 ......
794 1232 841 1297 uit
873 1233 930 1308 illi,
958 1281 964 1294 .
990 1281 997 1296 .
1021 1280 1029 1296 .
1054 1280 1062 1296 .
1087 1279 1095 1296 .
1120 1281 1128 1298 .
1151 1232 1184 1297 iu
1207 1231 1366 1318 Capitolio
1400 1233 1440 1297 ob
1473 1232 1603 1296 laurum

633 1345 688 1400 eet.
712 1342 744 1400 et

592 1503 761 1520 ......
784 1460 798 1518 t
829 1456 886 1531 illi,
922 1504 929 1518 .
954 1504 961 1517 .
986 1503 993 1520 .
1017 1503 1025 1519 .
1050 1503 1057 1518 .
1081 1502 1089 1518 .
1113 1503 1121 1520 .
1145 1503 1152 1518 .
1176 1453 1335 1538 Capitulio
1369 1454 1410 1519 alr
1438 1453 1602 1538 supplica-

634 1557 738 1622 tiones
760 1566 815 1620 cet.

243 1695 319 1754 quae
339 1676 452 1737 restitui
474 1679 599 1752 possunt
619 1674 681 1733 lere
702 1675 760 1734 aie:

592 1783 776 1870 [collegium
803 1783 935 1851 fratrum
958 1785 1125 1852 Arvalium
1158 1785 1339 1874 mandalvit
1370 1787 1417 1848 tlte·
1451 1782 1495 1868 [ut
1526 1782 1600 1848 m‘re

632 1886 837 1970 promagistri
860 1891 945 1950 illius
968 1888 1094 1968 collegii
1122 1888 1255 1953 fratrum
1277 1887 1442 1954 Arvalium
1469 1886 1600 1950 nomine

632 1989 821 2066 immolaret]
847 1991 879 2053 in
903 1990 1061 2074 Capitulio
1087 2000 1141 2053 cet.

313 2116 359 2176 Ol.
382 2109 420 2169 ad
442 2109 587 2169 sacrificia
606 2113 730 2185 propter
749 2125 856 2169 causas
879 2109 1044 2184 singulares
1066 2115 1151 2168 extra
1172 2109 1303 2169 ordinem
1324 2109 1404 2167 iacta
1424 2127 1453 2186 p.
1474 2109 1519 2165 83.
