3574 5592
308 357 348 424 14
848 356 928 412 Sacri
947 353 1016 409 deae
1035 354 1106 412 Diae

304 553 336 609 et
354 549 383 610 in
404 549 477 609 actis
497 547 652 608 Arvalium
673 547 709 607 de
730 565 816 609 sacro
837 550 898 609 sive
919 533 1087 628 incipiendo
1108 548 1169 608 sive
1183 547 1334 609 initiando.
1374 545 1431 608 Die
1450 549 1539 626 igitur
1558 549 1644 626 primo

306 644 392 719 sacri,
413 649 569 720 antequam
589 651 653 703 ture
674 661 709 703 ao
729 645 796 704 vino
817 645 923 704 fratres
939 647 1078 720 lacerent,
1099 644 1240 720 magister
1259 645 1305 703 vel
1325 646 1521 722 promagister
1540 643 1648 702 videtur

303 741 372 798 item
392 745 456 797 ture
478 745 508 798 et
528 739 595 796 rino
606 739 721 814 iecisse,
743 757 819 816 qnae
833 742 966 816 operatio
980 759 1045 800 cnm
1058 740 1149 800 totins
1164 740 1242 800 sacri
1255 757 1313 798 non
1328 747 1407 800 esset
1422 741 1477 800 nisi
1492 738 1649 811 exordium,

304 833 334 891 in
364 833 435 892 solis
464 833 663 892 uotiua-141
686 839 942 910 commemoratur,
968 837 998 895 in
1027 835 1101 895 actia
1121 853 1147 896 a.
1169 837 1224 895 218
1252 834 1295 894 ita
1319 833 1517 910 significatur,
1542 841 1573 892 ut
1600 853 1647 910 per

303 931 514 1005 prourapimmn
535 928 642 988 tratres
663 929 770 988 iecisse
797 928 939 988 dicantur.
980 931 1026 989 De
1052 937 1116 990 turo
1143 937 1240 990 antem
1265 939 1296 989 et
1318 929 1387 988 rino
1415 929 1456 990 ad
1479 929 1647 990 sacrificinm

304 1022 444 1083 adhibitis
465 1022 594 1083 dicemus
614 1023 704 1100 intra,
726 1024 775 1082 nbi
797 1023 833 1082 de
854 1023 1005 1083 sacrificiis
1026 1025 1065 1085 ob
1087 1033 1156 1085 vota
1176 1043 1274 1085 annua
1293 1025 1380 1084 lactis
1400 1025 1520 1084 uberius
1541 1033 1647 1100 agetur.

304 1118 453 1195 Deinceps
485 1119 625 1195 magister
652 1127 810 1196 postquam
841 1126 904 1179 ture
935 1127 965 1180 et
994 1121 1062 1180 uino
1090 1121 1175 1196 lecit,
1205 1119 1306 1195 iunges
1333 1119 1478 1195 contingit
1502 1135 1648 1195 panesque

304 1214 468 1272 laureatos:
488 1213 531 1272 ita
551 1215 627 1272 enim
653 1214 762 1274 hiatum
788 1214 963 1291 explendum
990 1225 1056 1276 esse
1080 1217 1254 1276 confirmant
1278 1231 1314 1272 ea
1339 1230 1415 1290 quae
1441 1213 1478 1272 de
1506 1212 1652 1272 cardialis

305 1309 435 1384 ipsorum
456 1307 578 1368 fratrum
599 1317 762 1369 narrantur.
803 1309 935 1370 Verbum
961 1310 1153 1386 contingendi
1178 1309 1207 1368 in
1228 1309 1307 1368 cultu
1328 1307 1402 1367 deae
1421 1307 1498 1367 Diae
1519 1307 1652 1366 sollemne

305 1409 358 1477 est,
379 1403 545 1479 fratresque
566 1403 702 1464 dicuntur
715 1405 876 1480 contigisse
890 1409 989 1482 scupea
1008 1409 1105 1464 aridas
1125 1415 1149 1462 et
1167 1405 1277 1474 uirides,
1293 1405 1392 1480 pultes,
1413 1422 1488 1473 aruc,
1508 1407 1654 1462 turconicus

307 1497 357 1575 (ci.
378 1503 447 1557 acta
467 1497 526 1558 diei
552 1497 673 1557 secundi
700 1505 730 1558 et
753 1499 833 1558 tertii
856 1507 887 1560 et
906 1501 1046 1560 Marinins
1067 1520 1095 1578 p.
1112 1498 1191 1576 336).
1231 1497 1381 1572 Frugibus
1402 1503 1499 1556 antem
1518 1499 1548 1556 in
1568 1497 1654 1558 sacris

303 1591 486 1668 potissimum
518 1593 722 1653 uetustissimis
761 1593 816 1654 diis
854 1594 1050 1655 sacrificatum
1088 1612 1155 1654 esse
1185 1593 1276 1653 tradit
1305 1591 1420 1650 Plinius
1450 1591 1489 1670 (u.
1510 1593 1535 1649 t.
1572 1591 1653 1665 18‚l)

304 1687 432 1746 Numam
449 1688 580 1748 scribens
600 1689 763 1748 instituisse
784 1689 869 1764 fruge
891 1689 963 1749 deos
984 1690 1080 1750 colere
1101 1689 1191 1765 (Plut.
1213 1675 1297 1747 Natu.
1310 1689 1344 1760 8;
1364 1688 1486 1763 Dionys.
1507 1685 1601 1763 2,16;
1621 1687 1653 1744 cl.

305 1780 485 1858 Marqnardt
505 1785 539 1840 R.
557 1785 591 1842 A.
611 1787 631 1841 4
650 1802 679 1860 p.
691 1786 731 1842 44
750 1791 781 1844 et
800 1781 878 1859 461).
919 1783 1018 1843 Panes
1049 1786 1174 1845 laureati
1204 1802 1264 1843 non
1295 1783 1384 1860 plane
1413 1781 1507 1858 liquet
1526 1797 1654 1858 panesne

307 1877 414 1936 inerint
433 1877 540 1937 laureis
561 1877 701 1954 redimiti,
723 1897 760 1938 an
789 1897 863 1956 quos
891 1879 1051 1956 descripsit
1071 1880 1146 1940 Octo
1166 1880 1203 1955 (r.
1218 1898 1241 1938 r.
1263 1879 1309 1955 12)
1325 1897 1414 1955 partes
1432 1880 1572 1947 mactaret,
1592 1895 1655 1934 rum

307 1981 396 2029 tacens
416 1969 516 2031 dicens
536 1977 575 2030 ric
588 1975 695 2048 facito:
714 1977 831 2050 sariuae
850 1977 990 2051 attipiacue
1009 1976 1128 2032 producut
1142 1994 1225 2032 auum
1238 1983 1322 2032 tuaac
1344 1974 1524 2048 cormperpito,
1546 1973 1656 2037 aalma,

307 2069 451 2136 coruinum,
472 2069 564 2142 adipis
579 2088 610 2144 p.
631 2072 661 2138 it,
683 2073 754 2126 casei
773 2069 873 2126 librom
894 2080 918 2126 ct
938 2071 971 2127 de
991 2074 1071 2146 cirpa
1092 2071 1165 2127 lauri
1185 2069 1321 2139 claudite,
1341 2069 1433 2126 eodem
1447 2066 1559 2124 addito:
1580 2075 1604 2122 et
1616 2065 1656 2120 ubi

308 2163 458 2236 destruxeris,
478 2163 635 2238 laurtsolia
655 2163 746 2221 subtus
766 2165 872 2234 addito,
893 2183 953 2220 cum
973 2181 1086 2239 cepaea·
1106 2164 1142 2222 ci.
1165 2164 1256 2221 Relar.
1276 2179 1304 2240 p.
1318 2163 1355 2221 55
1376 2167 1406 2220 et
1425 2159 1532 2220 Marini
1552 2178 1581 2236 p.
1595 2159 1655 2218 aab.

304 2255 458 2316 Eiusmodi
487 2273 580 2333 panes
618 2259 711 2316 altero
747 2277 864 2335 qnoque
901 2257 946 2316 die
977 2266 1256 2334 commemorantur,
1291 2257 1379 2316 iidem
1409 2255 1555 2329 sortasse,
1587 2271 1655 2330 qnos

305 2352 433 2410 Arvales
455 2350 592 2410 dicuntur
612 2353 783 2428 contigisse,
804 2353 821 2412 i.
842 2369 865 2411 e.
887 2370 1089 2428 consecrasse,
1110 2353 1148 2412 ci.
1170 2360 1238 2412 acto
1258 2351 1316 2410 diei
1337 2351 1465 2411 alterins.
1486 2382 1524 2393 -
1544 2347 1655 2408 Deinde

306 2446 391 2506 deam
421 2445 508 2504 Diam
538 2448 732 2521 unguentarii
760 2447 901 2524 magister
930 2449 976 2505 vel
1002 2447 1208 2525 promagister.
1249 2449 1295 2507 De
1320 2448 1378 2506 ritu
1404 2443 1554 2521 unguendi
1576 2443 1657 2517 signa

307 2539 427 2599 deornm
448 2541 534 2616 plura
554 2541 675 2616 collegit
694 2543 835 2602 Marinius
857 2541 897 2620 (p.
912 2545 994 2618 394),
1022 2541 1150 2603 laudatis
1175 2543 1359 2622 potissimum
1385 2539 1518 2602 versibus
1547 2535 1655 2598 Tibulli

305 2637 345 2712 (2,
358 2637 385 2712 2,
400 2635 430 2712 3)
451 2635 500 2712 qui
521 2641 589 2694 snut
610 2635 647 2695 de
668 2637 775 2713 genio:
926 2635 934 2642 “

506 2734 563 2806 ipre
582 2749 646 2790 auor
664 2737 759 2808 pentae
779 2735 852 2791 adsit
868 2737 976 2791 uisurus
996 2732 1119 2802 honores,
1142 2739 1146 2748 '

555 2832 599 2886 cui
619 2830 746 2888 decorem
765 2839 874 2888 sauctus
892 2829 989 2886 mollia
1007 2839 1079 2886 serta
1099 2844 1199 2885 comos.

505 2925 583 2998 illiuq
594 2943 668 2999 puro
690 2925 822 2982 destillent
840 2933 964 3000 tmupora
982 2924 1073 2980 nardo

571 3027 653 3093 atque
671 3029 750 3078 eatur
770 3020 823 3076 libo
844 3022 886 3092 eit,
906 3020 1069 3094 madeatque
1085 3035 1176 3088 mero;

304 3113 374 3172 item
394 3112 429 3172 iis
450 3129 526 3189 quae
553 3111 589 3171 de
617 3113 715 3173 Diana
740 3113 910 3189 Segestana
935 3121 1035 3174 narrat
1061 3111 1166 3172 Cicero
1189 3111 1414 3184 (Verr.1,35):
1441 3112 1510 3186 quid
1533 3111 1586 3169 troc
1606 3119 1658 3168 tam

304 3209 402 3269 uitalia
420 3217 458 3265 est
478 3209 581 3266 clarius
602 3227 682 3284 quum
700 3229 789 3268 omues
804 3209 964 3286 separaum
977 3217 1119 3266 matronae
1133 3217 1157 3266 et
1170 3211 1287 3284 cirpines
1301 3210 1463 3274 caucasiae,
1484 3225 1545 3263 cura
1566 3205 1659 3262 Diana

305 3313 494 3380 reportaretur
503 3327 535 3364 cr
549 3307 671 3384 oppido?
682 3309 787 3364 aruisse
801 3306 958 3381 arupaentist
977 3303 1121 3379 corrtpleaae
1136 3305 1245 3360 coronis
1259 3311 1282 3358 et
1289 3301 1426 3377 floribus?
1445 3307 1502 3358 cet.
1523 3297 1659 3358 Similiter

307 3405 434 3458 statuam
455 3399 547 3477 ipsius
569 3403 679 3461 amicos
701 3401 835 3459 hortatur
854 3397 951 3458 Ursus
971 3403 1003 3456 nt
1029 3401 1151 3456 onerent
1180 3394 1300 3454 floribus
1318 3397 1446 3472 solioque
1469 3394 1553 3451 rauba
1575 3395 1659 3466 adque

307 3505 438 3570 aupamto
458 3498 583 3554 marcido
605 3495 668 3574 (Or.
690 3495 793 3571 2591),
824 3495 987 3569 lapidesque
1017 3495 1151 3568 effipiatoe
1175 3499 1269 3548 auctos
1300 3499 1324 3545 ct
1350 3497 1495 3547 coronator
1520 3493 1656 3546 memorat

309 3589 458 3648 Minucius
479 3589 566 3649 Felix
581 3590 623 3667 (3)
647 3599 677 3650 et
688 3589 827 3650 terminos
853 3597 986 3664 uupumto
1002 3587 1229 3661 celamtaibzmqae
1242 3595 1266 3642 et
1287 3587 1396 3642 coronis
1416 3589 1574 3642 coronatos
1596 3597 1657 3640 esse
1763 3577 1764 3652 t

310 3683 401 3745 tradit
422 3683 538 3744 Siculus
561 3685 692 3744 Flaccus
720 3685 765 3762 (cle
784 3685 888 3741 condic.
910 3700 1004 3758 apror.
1026 3700 1054 3758 p.
1074 3683 1137 3754 141,
1158 3683 1176 3739 6
1197 3679 1242 3740 ed.
1257 3677 1401 3754 Lacum).
1434 3710 1472 3721 —
1505 3675 1658 3737 Absolutis

310 3780 485 3853 amagistro
499 3778 545 3836 his
561 3779 744 3838 caerimoniis
761 3779 895 3852 collegae
910 3783 940 3835 et
954 3777 1013 3854 ipsi
1026 3785 1090 3835 ture
1105 3780 1136 3834 ot
1149 3776 1216 3834 vino
1231 3775 1365 3833 iecerunt
1378 3771 1582 3847 contractisque
1594 3769 1659 3828 item

308 3873 442 3948 frugibus
474 3873 616 3932 viridibus
647 3873 794 3949 aridisque
826 3873 1013 3949 pauibnsque
1044 3859 1185 3930 laureatis
1214 3877 1244 3929 et
1272 3867 1329 3928 dea
1354 3875 1443 3928 uncta
1462 3867 1491 3924 in
1513 3863 1658 3926 cathedris
1762 3941 1763 3946 ἵ

308 3967 506 4028 consederunt
527 3967 623 4027 ornati
637 3969 809 4045 praetextis.

383 4061 430 4120 De
454 4061 660 4122 cathedrarum
686 4065 781 4123 torma
808 4069 837 4122 et
862 4079 916 4120 usu
943 4061 979 4120 cl.
1001 4059 1177 4137 Marquardt
1196 4061 1252 4118 lo.
1268 4061 1285 4118 5
1304 4076 1333 4135 p.
1350 4055 1423 4130 3113
1449 4055 1485 4114 de
1506 4057 1659 4130 praetexta

307 4155 493 4216 sacerdotum
508 4157 649 4217 maiorum
660 4159 827 4218 Mommsen
841 4156 1009 4218 Staurereclt
1021 4173 1050 4232 p.
1063 4156 1129 4229 339,
1142 4154 1190 4231 qui
1206 4153 1376 4213 sacerdotes
1392 4149 1523 4211 ostendit
1537 4153 1659 4223 excepto

307 4249 423 4309 flamine
444 4251 524 4312 Diali
550 4251 684 4328 (Servius
714 4254 754 4314 ad
774 4257 850 4314 Aen.
872 4254 899 4328 8,
914 4249 982 4327 552)
1010 4267 1069 4308 non
1092 4266 1207 4326 semper
1229 4253 1432 4327 praetextatos
1456 4243 1604 4322 prodiisse
1631 4247 1660 4296 ut

307 4345 512 4422 magistratus,
540 4346 593 4406 sed
624 4355 754 4426 tempore
780 4355 893 4408 tantum
920 4343 1055 4404 sacrificii
1085 4351 1269 4422 praetextam
1290 4345 1429 4421 gessisse.
1470 4341 1658 4400 Praeteritum

308 4441 437 4518 peractis
452 4441 635 4501 caerimoniis
652 4444 751 4503 statim
774 4442 978 4519 deponebant,
1004 4437 1033 4496 id
1055 4439 1134 4516 qnod
1160 4439 1255 4499 redire
1277 4438 1439 4500 videbimus
1460 4435 1489 4494 in
1511 4433 1585 4492 actis
1605 4427 1659 4487 diei

309 4536 431 4596 secundi
452 4542 482 4594 et
502 4535 588 4594 tertii.
630 4537 679 4597 lta
699 4543 821 4615 peracta
842 4543 888 4596 eut
907 4535 1148 4594 caerimoniarum
1176 4535 1261 4594 huius
1287 4533 1346 4592 diei
1372 4547 1441 4608 pars
1466 4529 1561 4608 prior,
1586 4541 1657 4602 quae

308 4633 337 4692 in
365 4631 440 4692 actis
471 4647 611 4690 annornm
642 4633 837 4710 antiquiorum
867 4629 1050 4706 significatur
1083 4632 1180 4692 uerbis
1206 4635 1313 4708 fratrea
1339 4628 1456 4685 Arvales
1485 4627 1659 4682 coarmantur

309 4727 399 4802 ibique
414 4731 578 4803 praetextati
601 4732 765 4805 sacrificium
794 4731 861 4786 deae
886 4727 960 4784 Diae
980 4735 1038 4784 ture
1058 4729 1121 4783 circo
1137 4727 1263 4801 feceruut
1283 4723 1352 4800 (120
1370 4723 1423 4781 155
1437 4723 1468 4779 et
1481 4717 1584 4796 paullo
1598 4715 1656 4773 bre·

310 4822 450 4880 vins105
473 4819 527 4879 ll't
550 4823 603 4880 118
626 4823 706 4898 122),
736 4839 857 4899 quornm
883 4822 950 4879 loco
976 4819 1006 4878 iu
1027 4820 1101 4878 actis
1123 4837 1148 4877 a.
1164 4821 1198 4877 81
1222 4825 1290 4877 sunt
1309 4815 1400 4876 verba
1427 4813 1539 4873 hiantia
1567 4811 1656 4884 collat

304 4918 430 4992 fratrum
447 4917 590 4973 ursatium
609 4921 773 4994 sucrificium
787 4919 862 4994 qaod
873 4923 1030 4992 conceptam
1044 4923 1082 4974 eet
1090 4933 1143 4990 per
1164 4917 1321 4990 irrupistruuc
1340 4921 1365 4969 et
1384 4919 1483 4969 ceteros
1502 4905 1656 4966 unradotm.

387 5009 575 5086 Sequebatur
594 5030 663 5090 pars
685 5012 780 5072 alteru
800 5017 869 5087 post
890 5007 1054 5084 meridiem,
1081 5011 1111 5069 in
1132 5027 1190 5088 qua
1211 5025 1269 5087 quo
1288 5005 1374 5066 modo
1396 5003 1505 5064 versati
1526 5003 1582 5062 sint
1601 4999 1654 5056 hr-
