3644 5592
800 317 962 372 Exordium.
1524 349 1561 388 111

283 493 312 556 3.
355 491 503 556 Fratrum
517 489 696 572 legitimum
712 486 877 556 numerum
892 512 991 576 supra
1006 492 1145 557 vidimus
1160 497 1241 558 teste
1257 498 1387 558 auctore
1403 497 1560 580 locuplete

197 591 338 658 Masurio
354 592 473 658 Sabino
490 591 590 658 fuisse
606 591 786 656 duodecim.
824 592 906 656 Aeta
920 594 973 657 ubi
990 593 1186 678 inspicimus,
1211 597 1332 678 passim
1355 597 1560 662 irmeniuntur

196 695 341 760 adfuisse
357 713 490 758 numero
507 694 645 778 minore,
669 700 704 758 ut
725 715 783 778 per
805 715 834 760 a.
857 695 898 760 38
921 696 1094 761 adsuerunt
1116 697 1306 780 plerumque
1328 701 1410 763 terni
1433 706 1557 782 quater·

195 797 272 860 nive
293 801 422 880 praeter
443 795 700 880 promagistrum‚
725 796 803 860 alibi
825 803 931 862 autem
953 797 1096 862 adfuisse
1119 798 1299 863 scribuntur
1321 802 1400 883 seiri,
1424 803 1558 885 septeni,

195 898 318 980 oeteni3
341 897 375 962 id
391 896 477 980 qnod
493 917 564 960 eum
578 897 760 961 testimonio
775 897 831 963 illo
849 907 934 964 reete
950 900 1107 964 convenit.
1146 902 1229 966 Nam
1246 909 1494 968 consentaneum
1511 911 1560 968 cst

194 1019 296 1085 saepe
311 997 468 1082 quosdam
484 1018 524 1062 ex
546 999 682 1082 collegio
699 1000 740 1064 ab
760 1002 839 1065 urbe
861 1001 984 1066 afuisse
1006 1001 1057 1066 vel
1079 1001 1120 1065 ob
1143 1003 1287 1067 morbum
1307 1004 1446 1068 aliamve
1462 1025 1559 1087 quam

194 1123 325 1167 eausam
342 1101 386 1165 ad
403 1119 497 1166 sacra
513 1121 577 1165 non
596 1101 738 1185 venisse;
757 1109 926 1185 praeterea
943 1121 982 1166 ex
995 1103 1075 1167 actis
1088 1123 1117 1167 a.
1134 1105 1194 1168 118
1207 1105 1251 1188 (p.
1265 1107 1294 1188 2,
1307 1105 1448 1188 tls-45)
1461 1127 1558 1189 appa-

194 1211 244 1269 ret
265 1203 425 1268 sacerdoti
448 1204 615 1269 demortuo
638 1223 703 1269 non
726 1225 799 1270 raro
822 1211 895 1289 post
922 1205 1049 1287 longius
1072 1205 1276 1270 intervallum
1304 1207 1431 1272 demum
1460 1207 1558 1272 alium

193 1305 399 1372 substitutum
423 1325 504 1372 esse.
548 1307 618 1385 Quo
641 1306 695 1372 die
718 1307 857 1372 maxime
880 1325 1012 1371 numero
1036 1306 1207 1371 adfuerunt
1227 1308 1558 1374 Arvalesseeuudum

194 1415 338 1473 aetorum
361 1429 442 1492 quas
464 1407 619 1473 habemus
641 1409 802 1492 reliquias,
826 1429 856 1472 a.
871 1410 911 1474 57
936 1429 965 1473 a.
989 1408 1019 1472 d.
1043 1417 1077 1474 ut
1099 1409 1226 1473 videtur
1243 1411 1290 1474 ΙΙΙ
1307 1411 1379 1474 idus
1394 1411 1558 1492 Octobres,

194 1531 268 1576 eum
306 1510 346 1574 ob
380 1511 549 1595 imperium
581 1509 719 1576 Neronis
751 1510 793 1573 ab
825 1510 940 1575 iisdem
972 1512 1208 1594 immolaretur,
1244 1511 1412 1576 duodecim
1446 1531 1558 1575 eonve-

193 1621 325 1696 nerunt3
353 1631 412 1678 nee
439 1620 658 1678 convenerunt
684 1631 810 1695 omnes,
841 1631 915 1675 nam
938 1613 1008 1696 ipse
1031 1614 1218 1697 imperator,
1242 1633 1336 1694 quem
1363 1614 1396 1677 in
1420 1615 1558 1694 collegio

193 1717 259 1782 iarn
275 1723 341 1780 tum
358 1713 458 1779 inisse
473 1713 605 1778 dubium
620 1721 758 1796 nonest,
783 1732 821 1777 eo
837 1713 890 1777 die
906 1714 994 1777 aluit.
1031 1713 1097 1778 Sed
1113 1714 1145 1778 id
1162 1735 1231 1778 error
1248 1715 1361 1780 Sabini
1375 1715 1557 1778 testimonio

194 1818 292 1882 facile
315 1815 512 1898 conciliatur,
535 1835 605 1879 cum
626 1823 748 1880 constet
770 1815 811 1880 iis
832 1815 1030 1899 temporibus
1046 1817 1078 1880 in
1096 1817 1204 1881 omnia
1220 1816 1359 1898 collegia
1374 1815 1558 1880 sacerdotes

194 1920 247 1984 vel
260 1937 360 2001 supra
376 1937 542 1996 numerum
558 1919 705 2003 cooptari
721 1917 875 2001 potuisse.
915 1917 984 1981 Hoc
1001 1918 1168 1982 artasatis
1185 1917 1357 1981 ostendunt
1372 1920 1558 2001 plerumque

194 2020 368 2102 collegium
392 2019 478 2084 intra
499 2039 572 2084 eum
594 2039 759 2085 numerum
781 2019 909 2084 stetisse
931 2019 983 2083 nel
1007 2026 1093 2082 certe
1115 2039 1180 2082 non
1203 2020 1335 2083 multum
1358 2041 1430 2084 eum
1452 2037 1558 2082 exces-

194 2125 287 2206 sisse,
312 2143 382 2186 oum
405 2123 561 2186 eiusmodi
579 2121 762 2204 frequentia
781 2121 882 2186 semel
897 2127 1019 2184 tantum
1036 2119 1068 2182 in
1084 2119 1123 2182 iis
1139 2121 1326 2203 reperiatur.
1364 2121 1432 2185 lloe
1447 2121 1559 2202 quaeri

193 2231 313 2310 potest,
345 2243 365 2287 a
392 2245 456 2306 quo
482 2229 627 2307 tempore
655 2223 827 2304 collegium
855 2243 954 2306 supra
982 2241 1147 2285 numerum
1175 2223 1360 2286 sacerdotes
1390 2220 1558 2284 admittere

194 2325 351 2410 coeperit3
391 2345 467 2388 narn
506 2331 541 2388 nt
574 2324 643 2389 iure
675 2324 709 2388 id
743 2325 812 2390 lieri
845 2323 985 2408 potuerit
1015 2321 1090 2386 inde
1124 2323 1164 2386 ab
1198 2324 1277 2406 ipsis
1311 2323 1449 2403 Augusti
1482 2330 1557 2386 tenr-

193 2427 342 2513 poribus,
369 2447 436 2509 qua
464 2425 504 2490 de
534 2445 569 2514 re
596 2425 620 2488 ii
649 2426 795 2508 videant,
824 2426 879 2508 qui
902 2427 934 2489 in
956 2424 1140 2488 universam
1164 2427 1371 2508 collegiorum
1394 2445 1557 2488 sacrorum

195 2530 430 2594 ordinationem
461 2527 640 2610 inquirunt,
670 2526 843 2590 admodum
871 2525 1041 2610 probabile
1064 2533 1112 2590 est
1134 2528 1258 2610 priores
1281 2529 1489 2610 imperatores
1518 2547 1557 2591 eu

193 2635 265 2696 iure
288 2632 341 2696 vel
362 2630 556 2694 abstinuisse
579 2629 630 2693 vel
654 2635 738 2693 certe
754 2629 919 2692 rarissime
939 2647 1014 2692 usos
1031 2647 1112 2692 esse.
1151 2629 1255 2692 Etiam
1279 2649 1318 2693 ex
1342 2629 1436 2692 donro
1460 2630 1558 2713 irnpe-

194 2735 317 2800 ratoria
346 2731 401 2815 qui
430 2731 463 2795 in
496 2730 634 2811 collegio
664 2730 880 2812 inveniuntur,
912 2729 935 2792 ii
963 2729 1114 2794 videntur
1141 2751 1204 2792 non
1235 2730 1328 2794 electi
1358 2751 1429 2794 esse
1460 2753 1558 2815 supra

194 2855 369 2917 numerum,
393 2832 451 2898 sed
473 2831 616 2912 legitime
638 2832 672 2895 in
693 2832 797 2894 locum
817 2831 1016 2896 sacerdotum
1033 2831 1271 2895 demortuorum
1287 2831 1329 2894 ad
1345 2853 1438 2898 saera
1452 2835 1558 2898 vocati

196 2955 282 3020 esse3
306 2941 390 2998 certe
414 2935 460 2997 ita
482 2931 621 2997 Aemilio
644 2933 758 2997 Paullo
782 2931 935 2996 suecessit
958 2933 1082 2996 Drusus
1106 2931 1226 2996 Caesar
1244 2932 1267 3014 ¹)
1293 2933 1502 3016 similiterque
1524 2937 1557 2998 in

196 3039 302 3102 loeurn
325 3036 374 3101 Ti.
399 3035 547 3100 Caesaris
571 3035 668 3098 Drusi
692 3033 842 3100 Caesaris
865 3033 923 3097 lilii
946 3035 982 3098 P.
1005 3035 1173 3098 Memmius
1196 3035 1337 3114 llegnlus
1361 3035 1486 3100 videtur
1509 3057 1558 3098 co-

196 3145 325 3222 optatus
349 3136 471 3220 esse').
516 3136 591 3219 Ipse
614 3134 781 3217 Augustus
809 3137 886 3218 quin
911 3136 957 3200 ita
983 3137 1016 3200 in
1045 3136 1217 3217 collegium
1240 3141 1387 3218 receptus
1421 3138 1475 3219 sit,
1504 3138 1558 3202 rix

196 3241 329 3306 dubium
358 3245 421 3322 est,
456 3259 527 3302 eum
554 3238 589 3302 in
619 3238 687 3302 eius
716 3237 821 3301 locum
849 3239 944 3304 hemo
972 3239 1116 3321 privatus
1144 3237 1338 3302 successisse
1362 3237 1509 3302 videatur
1524 3239 1558 3322 ³),

195 3360 299 3424 neque
332 3341 366 3404 in
405 3339 474 3404 eius
504 3339 609 3403 locum
644 3339 817 3404 succedere
845 3341 950 3423 potuit
983 3339 1147 3420 Tiberius,
1181 3359 1251 3402 curn
1288 3341 1361 3402 vivo
1395 3341 1558 3404 etiamtum

195 3443 341 3524 Augusto
365 3441 501 3522 collegio
524 3441 705 3524 adscriptus
733 3460 804 3504 esse
827 3441 1009 3506 inveniatur
1034 3439 1069 3523 ⁴).
1116 3441 1215 3504 Gaius
1244 3447 1275 3504 et
1303 3440 1456 3505 Clarrdius
1484 3463 1557 3506 num

196 3543 338 3624 legitime
366 3541 460 3606 electi
488 3543 552 3606 sint
578 3562 695 3625 necne,
725 3541 907 3624 ignoratum
936 3562 1040 3624 neque
1069 3542 1153 3604 enim
1183 3547 1321 3624 resistat,
1352 3549 1456 3606 utrum
1485 3551 1559 3606 ante

196 3643 365 3728 imperium
388 3644 420 3706 in
444 3645 615 3724 collegium
637 3643 697 3708 hee
719 3643 838 3726 recepti
862 3644 926 3707 sint
948 3663 1057 3706 necrre.
1104 3644 1241 3707 Neronis
1262 3651 1366 3710 aetate
1390 3645 1558 3726 collegium

197 3745 365 3811 Arvalium
388 3751 516 3828 praeter
538 3746 717 3826 legitimum
741 3743 944 3810 sacerdotum
966 3765 1133 3808 numerum
1150 3745 1277 3808 tertium
1301 3747 1458 3814 deeirnurn
1475 3753 1560 3808 certe

197 3847 369 3912 admisisse
392 3847 533 3912 ostendit
554 3867 706 3912 numerus
734 3847 866 3910 sratrunr
894 3845 1064 3910 duodecim
1087 3845 1279 3928 imperatore
1307 3847 1448 3924 absente,
1478 3867 1559 3928 quos

197 3969 283 4012 anno
305 3948 346 4012 57
370 3949 559 4013 convenisse
583 3954 680 4012 antea
702 3947 851 4012 vidimus.
880 3946 1062 4010 Posteriora
1085 3953 1229 4028 tempore
1251 3947 1283 4009 in
1307 3948 1410 4010 locrnn
1426 3947 1559 4010 'l‘raiani

197 4055 363 4133 cooptatur
385 4049 569 4112 Hadrianus
591 4049 755 4130 Augustus
770 4049 811 4131 ³);
835 4049 910 4112 item
933 4047 966 4110 in
990 4048 1160 4128 collegium
1182 4047 1325 4111 adscitur
1347 4049 1387 4110 bl.
1410 4049 1560 4113 bunellus

197 4151 379 4216 Antoninus
402 4151 599 4232 Elagabalus
622 4151 693 4214 sine
716 4149 813 4214 dubio
837 4149 871 4211 in
894 4149 998 4212 luerim
1022 4149 1163 4230 Macrini,
1188 4169 1379 4230 quamquam
1405 4150 1473 4212 eins
1495 4170 1561 4213 nen

198 4252 382 4316 enuntiatur
405 4271 522 4316 nomen
543 4257 673 4335 propter
694 4251 879 4315 memoriam
896 4250 1082 4314 darnnatam
1097 4251 1131 4332 ⁶).
1177 4252 1219 4314 nt
1242 4251 1268 4312 si
1286 4251 1416 4332 qnando
1432 4251 1558 4332 accidit,

198 4361 233 4417 ut
266 4373 369 4418 novus
402 4353 578 4436 imperator
610 4354 674 4416 ianr
709 4357 806 4416 antea
839 4353 869 4414 ei
903 4352 1041 4433 collegio
1077 4352 1257 4434 adscriptus
1291 4359 1389 4434 esset,
1426 4373 1484 4434 pro
1522 4374 1559 4415 co

198 4454 344 4538 privatus
367 4454 636 4536 substituebatur3
660 4459 695 4517 nt
716 4457 753 4516 T.
776 4453 930 4536 'l'ampius
952 4453 1129 4516 Flavianus
1152 4453 1305 4515 successit
1325 4455 1394 4516 Ser.
1418 4453 1559 4536 Sulpicio

199 4553 325 4619 Galbae
348 4557 392 4640 (a.
409 4557 450 4620 69
473 4575 525 4620 vv.
541 4555 584 4619 51
595 4553 708 4636 seqq),
737 4573 809 4618 cum
832 4573 997 4618 successor
1020 4552 1104 4618 Otho
1128 4553 1191 4616 iam
1215 4561 1312 4617 antea
1333 4554 1367 4616 in
1389 4555 1560 4635 collegium

274 4725 292 4789 ¹)
311 4722 347 4777 oi.
366 4739 389 4774 a.
411 4721 444 4774 14
463 4738 490 4790 p.
511 4725 536 4785 1,
557 4724 599 4776 11.
979 4722 1000 4788 ⁴)
1021 4722 1038 4774 l.
1058 4737 1081 4775 e.
1103 4725 1143 4776 15.

269 4809 291 4875 ¹)
311 4825 335 4864 a.
353 4809 416 4872 aas,
435 4807 478 4862 34.
496 4809 540 4863 35.
980 4808 1001 4873 ⁸)
1021 4823 1046 4862 a.
1067 4809 1117 4862 118
1136 4825 1162 4876 p.
1176 4809 1203 4870 2,
1216 4807 1249 4861 31
1262 4822 1342 4876 seqq.

269 4895 291 4963 ⁸)
311 4913 334 4950 a.
354 4895 388 4950 14
405 4909 431 4966 p.
453 4896 477 4960 1,
497 4896 541 4954 21.
980 4894 1002 4962 ⁸)
1022 4909 1046 4946 a.
1065 4895 1117 4949 218
1136 4910 1162 4964 p.
1176 4896 1202 4958 ⁶2,
1221 4895 1334 4947 ‘21-31.

592 4987 598 4998 .
1318 4980 1361 5042 1*
