<?xml version="1.0" encoding="UTF-8"?>
<!DOCTYPE html PUBLIC "-//W3C//DTD XHTML 1.0 Transitional//EN"
    "http://www.w3.org/TR/xhtml1/DTD/xhtml1-transitional.dtd">
<html xmlns="http://www.w3.org/1999/xhtml" xml:lang="en" lang="en">
 <head>
  <title>
</title>
<meta http-equiv="Content-Type" content="text/html;charset=utf-8" />
  <meta name='ocr-system' content='tesseract 3.04.00' />
  <meta name='ocr-capabilities' content='ocr_page ocr_carea ocr_par ocr_line ocrx_word'/>
</head>
<body>
  <div class='ocr_page' id='page_1' title='image "./actafratrumarva01henzgoog_0317.png"; bbox 0 0 3574 5592; ppageno 0'>
   <div class='ocr_carea' id='block_1_1' title="bbox 315 303 1200 402">
    <p class='ocr_par' dir='ltr' id='par_1_1' title="bbox 315 303 1200 402">
     <span class='ocr_line' id='line_1_1' title="bbox 315 303 1200 402; baseline -0.014 -20"><span class='ocrx_word' id='word_1_1' title='bbox 315 317 357 382; x_wconf 73' lang='lat'><strong>48</strong></span> <span class='ocrx_word' id='word_1_2' title='bbox 843 319 955 376; x_wconf 88' lang='lat' dir='ltr'><strong>Sacrum</strong></span> <span class='ocrx_word' id='word_1_3' title='bbox 975 303 1044 372; x_wconf 82' lang='lat' dir='ltr'><strong>deae</strong></span> <span class='ocrx_word' id='word_1_4' title='bbox 1066 316 1144 372; x_wconf 87' lang='lat' dir='ltr'><strong>Dias.</strong></span> <span class='ocrx_word' id='word_1_5' title='bbox 1199 399 1200 402; x_wconf 7' lang='grc' dir='ltr'><strong>Ἴ</strong></span> 
     </span>
    </p>
   </div>
   <div class='ocr_carea' id='block_1_2' title="bbox 305 487 1664 4448">
    <p class='ocr_par' dir='ltr' id='par_1_2' title="bbox 316 487 1658 662">
     <span class='ocr_line' id='line_1_2' title="bbox 317 487 1658 570; baseline -0.001 -20"><span class='ocrx_word' id='word_1_6' title='bbox 317 491 467 567; x_wconf 87' lang='lat' dir='ltr'><strong>appellato</strong></span> <span class='ocrx_word' id='word_1_7' title='bbox 488 487 598 550; x_wconf 85' lang='lat' dir='ltr'><strong>Strabo</strong></span> <span class='ocrx_word' id='word_1_8' title='bbox 619 493 737 551; x_wconf 87' lang='lat' dir='ltr'><strong>rettulit.</strong></span> <span class='ocrx_word' id='word_1_9' title='bbox 779 491 926 552; x_wconf 75' lang='lat' dir='ltr'>Videntur</span> <span class='ocrx_word' id='word_1_10' title='bbox 944 493 1034 566; x_wconf 78' lang='lat' dir='ltr'><strong>igitur</strong></span> <span class='ocrx_word' id='word_1_11' title='bbox 1055 493 1224 570; x_wconf 88' lang='lat' dir='ltr'><strong>conspirare</strong></span> <span class='ocrx_word' id='word_1_12' title='bbox 1245 507 1281 551; x_wconf 89' lang='lat' dir='ltr'><strong>ea</strong></span> <span class='ocrx_word' id='word_1_13' title='bbox 1302 507 1377 568; x_wconf 90' lang='lat' dir='ltr'><strong>quae</strong></span> <span class='ocrx_word' id='word_1_14' title='bbox 1392 494 1451 548; x_wconf 89' lang='lat' dir='ltr'><strong>tam</strong></span> <span class='ocrx_word' id='word_1_15' title='bbox 1475 489 1511 548; x_wconf 90' lang='lat' dir='ltr'><strong>de</strong></span> <span class='ocrx_word' id='word_1_16' title='bbox 1532 495 1658 564; x_wconf 88' lang='lat' dir='ltr'><strong>tempure</strong></span> 
     </span>
     <span class='ocr_line' id='line_1_3' title="bbox 316 584 1439 662; baseline 0.001 -20"><span class='ocrx_word' id='word_1_17' title='bbox 316 603 402 662; x_wconf 86' lang='lat' dir='ltr'><strong>quam</strong></span> <span class='ocrx_word' id='word_1_18' title='bbox 424 584 459 642; x_wconf 91' lang='lat' dir='ltr'><strong>de</strong></span> <span class='ocrx_word' id='word_1_19' title='bbox 479 585 544 642; x_wconf 90' lang='lat' dir='ltr'><strong>luco</strong></span> <span class='ocrx_word' id='word_1_20' title='bbox 566 585 789 646; x_wconf 86' lang='lat' dir='ltr'><strong>Ambarvalium</strong></span> <span class='ocrx_word' id='word_1_21' title='bbox 811 591 841 646; x_wconf 90' lang='lat' dir='ltr'><strong>et</strong></span> <span class='ocrx_word' id='word_1_22' title='bbox 861 587 936 646; x_wconf 91' lang='lat' dir='ltr'><strong>sacri</strong></span> <span class='ocrx_word' id='word_1_23' title='bbox 960 587 1111 646; x_wconf 78' lang='lat' dir='ltr'><strong>Arvalium</strong></span> <span class='ocrx_word' id='word_1_24' title='bbox 1132 587 1242 646; x_wconf 85' lang='lat' dir='ltr'><strong>tradita</strong></span> <span class='ocrx_word' id='word_1_25' title='bbox 1263 585 1439 662; x_wconf 80' lang='lat' dir='ltr'><strong>accepimus.</strong></span> 
     </span>
    </p>

    <p class='ocr_par' dir='ltr' id='par_1_3' title="bbox 305 678 1664 4448">
     <span class='ocr_line' id='line_1_4' title="bbox 394 678 1658 757; baseline -0.001 -21"><span class='ocrx_word' id='word_1_26' title='bbox 394 679 566 753; x_wconf 82' lang='lat' dir='ltr'>Videamus,</span> <span class='ocrx_word' id='word_1_27' title='bbox 587 681 733 740; x_wconf 83' lang='lat' dir='ltr'><strong>similesne</strong></span> <span class='ocrx_word' id='word_1_28' title='bbox 754 683 861 742; x_wconf 85' lang='lat' dir='ltr'><strong>fuerint</strong></span> <span class='ocrx_word' id='word_1_29' title='bbox 882 683 972 757; x_wconf 48' lang='lat' dir='ltr'><strong>¹etiam</strong></span> <span class='ocrx_word' id='word_1_30' title='bbox 999 682 1072 740; x_wconf 88' lang='lat' dir='ltr'><strong>ritus</strong></span> <span class='ocrx_word' id='word_1_31' title='bbox 1098 682 1126 739; x_wconf 91' lang='lat' dir='ltr'><strong>iu</strong></span> <span class='ocrx_word' id='word_1_32' title='bbox 1157 683 1224 740; x_wconf 86' lang='lat' dir='ltr'><strong>luco</strong></span> <span class='ocrx_word' id='word_1_33' title='bbox 1251 683 1288 741; x_wconf 88' lang='lat' dir='ltr'><strong>ab</strong></span> <span class='ocrx_word' id='word_1_34' title='bbox 1311 681 1471 740; x_wconf 86' lang='lat' dir='ltr'><strong>Arvalibus</strong></span> <span class='ocrx_word' id='word_1_35' title='bbox 1491 685 1522 736; x_wconf 89' lang='lat' dir='ltr'><strong>et</strong></span> <span class='ocrx_word' id='word_1_36' title='bbox 1541 679 1571 736; x_wconf 90' lang='lat' dir='ltr'><strong>in</strong></span> <span class='ocrx_word' id='word_1_37' title='bbox 1590 678 1658 754; x_wconf 89' lang='lat' dir='ltr'><strong>ipsis</strong></span> 
     </span>
     <span class='ocr_line' id='line_1_5' title="bbox 316 773 1658 848; baseline -0.003 -14"><span class='ocrx_word' id='word_1_38' title='bbox 316 775 545 835; x_wconf 86' lang='lat' dir='ltr'><strong>Ambarvalibus</strong></span> <span class='ocrx_word' id='word_1_39' title='bbox 567 775 716 836; x_wconf 85' lang='lat' dir='ltr'><strong>celebrati.</strong></span> <span class='ocrx_word' id='word_1_40' title='bbox 758 777 948 836; x_wconf 81' lang='lat' dir='ltr'><strong>Ambarvalia</strong></span> <span class='ocrx_word' id='word_1_41' title='bbox 977 794 1063 836; x_wconf 87' lang='lat' dir='ltr'><strong>sacra</strong></span> <span class='ocrx_word' id='word_1_42' title='bbox 1089 785 1173 835; x_wconf 89' lang='lat' dir='ltr'><strong>eraut</strong></span> <span class='ocrx_word' id='word_1_43' title='bbox 1197 777 1236 836; x_wconf 92' lang='lat' dir='ltr'><strong>ob</strong></span> <span class='ocrx_word' id='word_1_44' title='bbox 1261 775 1432 835; x_wconf 86' lang='lat' dir='ltr'><strong>lustrandas</strong></span> <span class='ocrx_word' id='word_1_45' title='bbox 1457 791 1546 848; x_wconf 84' lang='lat' dir='ltr'><strong>agros</strong></span> <span class='ocrx_word' id='word_1_46' title='bbox 1569 773 1658 844; x_wconf 82' lang='lat' dir='ltr'><strong>facta3</strong></span> 
     </span>
     <span class='ocr_line' id='line_1_6' title="bbox 316 866 1658 947; baseline -0.001 -21"><span class='ocrx_word' id='word_1_47' title='bbox 316 871 518 928; x_wconf 79' lang='lat' dir='ltr'><strong>lustrabantur</strong></span> <span class='ocrx_word' id='word_1_48' title='bbox 538 874 634 929; x_wconf 86' lang='lat' dir='ltr'><strong>autem</strong></span> <span class='ocrx_word' id='word_1_49' title='bbox 655 871 733 946; x_wconf 84' lang='lat' dir='ltr'><strong>agri,</strong></span> <span class='ocrx_word' id='word_1_50' title='bbox 759 889 824 930; x_wconf 88' lang='lat' dir='ltr'><strong>eum</strong></span> <span class='ocrx_word' id='word_1_51' title='bbox 850 872 929 930; x_wconf 88' lang='lat' dir='ltr'><strong>circa</strong></span> <span class='ocrx_word' id='word_1_52' title='bbox 953 889 1024 930; x_wconf 88' lang='lat' dir='ltr'><strong>arva</strong></span> <span class='ocrx_word' id='word_1_53' title='bbox 1045 870 1230 931; x_wconf 80' lang='lat' dir='ltr'><strong>ducebantur</strong></span> <span class='ocrx_word' id='word_1_54' title='bbox 1250 870 1379 944; x_wconf 82' lang='lat' dir='ltr'><strong>hostiae,</strong></span> <span class='ocrx_word' id='word_1_55' title='bbox 1401 887 1477 947; x_wconf 87' lang='lat' dir='ltr'><strong>quae</strong></span> <span class='ocrx_word' id='word_1_56' title='bbox 1496 867 1565 926; x_wconf 89' lang='lat' dir='ltr'><strong>inde</strong></span> <span class='ocrx_word' id='word_1_57' title='bbox 1586 866 1658 925; x_wconf 86' lang='lat' dir='ltr'><strong>dioe-</strong></span> 
     </span>
     <span class='ocr_line' id='line_1_7' title="bbox 316 963 1659 1044; baseline -0.004 -22"><span class='ocrx_word' id='word_1_58' title='bbox 316 965 423 1022; x_wconf 89' lang='lat' dir='ltr'><strong>bautur</strong></span> <span class='ocrx_word' id='word_1_59' title='bbox 453 965 637 1025; x_wconf 87' lang='lat' dir='ltr'><strong>ambarvales</strong></span> <span class='ocrx_word' id='word_1_60' title='bbox 669 965 722 1044; x_wconf 88' lang='lat' dir='ltr'><strong>(cf.</strong></span> <span class='ocrx_word' id='word_1_61' title='bbox 744 963 865 1026; x_wconf 86' lang='lat' dir='ltr'><strong>Servius</strong></span> <span class='ocrx_word' id='word_1_62' title='bbox 892 969 931 1024; x_wconf 86' lang='lat' dir='ltr'><strong>acl</strong></span> <span class='ocrx_word' id='word_1_63' title='bbox 956 968 1035 1042; x_wconf 74' lang='lat' dir='ltr'><strong>l&#39;erp.</strong></span> <span class='ocrx_word' id='word_1_64' title='bbox 1059 966 1120 1024; x_wconf 83' lang='lat' dir='ltr'><strong>Ecl.</strong></span> <span class='ocrx_word' id='word_1_65' title='bbox 1142 968 1169 1040; x_wconf 86' lang='lat'><strong>5,</strong></span> <span class='ocrx_word' id='word_1_66' title='bbox 1181 963 1244 1042; x_wconf 80' lang='lat' dir='ltr'><strong>ts).</strong></span> <span class='ocrx_word' id='word_1_67' title='bbox 1286 964 1365 1024; x_wconf 83' lang='lat' dir='ltr'><strong>Fieri</strong></span> <span class='ocrx_word' id='word_1_68' title='bbox 1395 963 1531 1022; x_wconf 88' lang='lat' dir='ltr'><strong>solebant</strong></span> <span class='ocrx_word' id='word_1_69' title='bbox 1560 977 1659 1018; x_wconf 90' lang='lat' dir='ltr'><strong>suove-</strong></span> 
     </span>
     <span class='ocr_line' id='line_1_8' title="bbox 305 1056 1660 1137; baseline -0.004 -19"><span class='ocrx_word' id='word_1_70' title='bbox 305 1058 479 1118; x_wconf 81' lang='lat' dir='ltr'><strong>taurilibus.</strong></span> <span class='ocrx_word' id='word_1_71' title='bbox 520 1061 565 1118; x_wconf 91' lang='lat' dir='ltr'><strong>De</strong></span> <span class='ocrx_word' id='word_1_72' title='bbox 585 1059 630 1118; x_wconf 89' lang='lat' dir='ltr'><strong>his</strong></span> <span class='ocrx_word' id='word_1_73' title='bbox 651 1066 756 1134; x_wconf 79' lang='lat' dir='ltr'><strong>agetur</strong></span> <span class='ocrx_word' id='word_1_74' title='bbox 775 1060 902 1134; x_wconf 90' lang='lat' dir='ltr'><strong>uberius,</strong></span> <span class='ocrx_word' id='word_1_75' title='bbox 925 1061 973 1120; x_wconf 90' lang='lat' dir='ltr'><strong>ubi</strong></span> <span class='ocrx_word' id='word_1_76' title='bbox 995 1061 1031 1119; x_wconf 88' lang='lat' dir='ltr'><strong>de</strong></span> <span class='ocrx_word' id='word_1_77' title='bbox 1052 1060 1177 1137; x_wconf 83' lang='lat' dir='ltr'><strong>piaculis</strong></span> <span class='ocrx_word' id='word_1_78' title='bbox 1198 1077 1358 1137; x_wconf 82' lang='lat' dir='ltr'><strong>exponam:</strong></span> <span class='ocrx_word' id='word_1_79' title='bbox 1380 1057 1426 1116; x_wconf 89' lang='lat' dir='ltr'><strong>hie</strong></span> <span class='ocrx_word' id='word_1_80' title='bbox 1442 1056 1571 1116; x_wconf 84' lang='lat' dir='ltr'><strong>sufficiat</strong></span> <span class='ocrx_word' id='word_1_81' title='bbox 1590 1061 1660 1114; x_wconf 89' lang='lat' dir='ltr'><strong>attu-</strong></span> 
     </span>
     <span class='ocr_line' id='line_1_9' title="bbox 317 1153 1661 1231; baseline -0.002 -21"><span class='ocrx_word' id='word_1_82' title='bbox 317 1155 395 1211; x_wconf 86' lang='lat' dir='ltr'><strong>lisse·</strong></span> <span class='ocrx_word' id='word_1_83' title='bbox 407 1153 497 1212; x_wconf 86' lang='lat' dir='ltr'><strong>verba</strong></span> <span class='ocrx_word' id='word_1_84' title='bbox 517 1153 599 1212; x_wconf 86' lang='lat' dir='ltr'><strong>Festi</strong></span> <span class='ocrx_word' id='word_1_85' title='bbox 622 1153 662 1231; x_wconf 91' lang='lat' dir='ltr'><strong>(p.</strong></span> <span class='ocrx_word' id='word_1_86' title='bbox 679 1156 735 1214; x_wconf 81' lang='lat'><strong>293</strong></span> <span class='ocrx_word' id='word_1_87' title='bbox 756 1154 801 1212; x_wconf 88' lang='lat' dir='ltr'><strong>ed.</strong></span> <span class='ocrx_word' id='word_1_88' title='bbox 823 1153 865 1213; x_wconf 90' lang='lat' dir='ltr'><strong>M.</strong></span> <span class='ocrx_word' id='word_1_89' title='bbox 887 1172 909 1212; x_wconf 80' lang='lat' dir='ltr'><strong>e.</strong></span> <span class='ocrx_word' id='word_1_90' title='bbox 931 1155 985 1230; x_wconf 88' lang='lat' dir='ltr'><strong>v.):</strong></span> <span class='ocrx_word' id='word_1_91' title='bbox 1005 1157 1172 1214; x_wconf 73' lang='lat' dir='ltr'><strong>solitaurilia</strong></span> <span class='ocrx_word' id='word_1_92' title='bbox 1191 1155 1340 1212; x_wconf 84' lang='lat' dir='ltr'><strong>bestiarum</strong></span> <span class='ocrx_word' id='word_1_93' title='bbox 1355 1158 1435 1214; x_wconf 84' lang='lat' dir='ltr'><strong>trium</strong></span> <span class='ocrx_word' id='word_1_94' title='bbox 1449 1153 1550 1210; x_wconf 83' lang='lat' dir='ltr'><strong>diuersi</strong></span> <span class='ocrx_word' id='word_1_95' title='bbox 1561 1155 1661 1228; x_wconf 72' lang='lat' dir='ltr'><strong>pencris</strong></span> 
     </span>
     <span class='ocr_line' id='line_1_10' title="bbox 315 1245 1661 1326; baseline -0.003 -21"><span class='ocrx_word' id='word_1_96' title='bbox 315 1250 523 1306; x_wconf 71' lang='lat' dir='ltr'><strong>insimulationem</strong></span> <span class='ocrx_word' id='word_1_97' title='bbox 542 1252 707 1324; x_wconf 65' lang='lat' dir='ltr'><strong>specificaret,</strong></span> <span class='ocrx_word' id='word_1_98' title='bbox 739 1253 826 1320; x_wconf 87' lang='lat' dir='ltr'><strong>lauri,</strong></span> <span class='ocrx_word' id='word_1_99' title='bbox 847 1254 952 1322; x_wconf 83' lang='lat' dir='ltr'><strong>arietis,</strong></span> <span class='ocrx_word' id='word_1_100' title='bbox 978 1255 1063 1309; x_wconf 83' lang='lat' dir='ltr'><strong>ucrris</strong></span> <span class='ocrx_word' id='word_1_101' title='bbox 1083 1255 1148 1324; x_wconf 87' lang='lat' dir='ltr'><strong>cet,</strong></span> <span class='ocrx_word' id='word_1_102' title='bbox 1168 1256 1197 1307; x_wconf 91' lang='lat' dir='ltr'><strong>et</strong></span> <span class='ocrx_word' id='word_1_103' title='bbox 1221 1248 1346 1309; x_wconf 87' lang='lat' dir='ltr'><strong>Catonis</strong></span> <span class='ocrx_word' id='word_1_104' title='bbox 1368 1247 1401 1326; x_wconf 89' lang='lat' dir='ltr'><strong>(r.</strong></span> <span class='ocrx_word' id='word_1_105' title='bbox 1418 1267 1442 1306; x_wconf 88' lang='lat' dir='ltr'><strong>r.</strong></span> <span class='ocrx_word' id='word_1_106' title='bbox 1460 1245 1540 1320; x_wconf 80' lang='lat'>141):</span> <span class='ocrx_word' id='word_1_107' title='bbox 1570 1263 1661 1320; x_wconf 60' lang='lat' dir='ltr'><strong>wesin</strong></span> 
     </span>
     <span class='ocr_line' id='line_1_11' title="bbox 318 1341 1662 1421; baseline -0.002 -22"><span class='ocrx_word' id='word_1_108' title='bbox 318 1345 435 1399; x_wconf 83' lang='lat' dir='ltr'><strong>lustrare</strong></span> <span class='ocrx_word' id='word_1_109' title='bbox 453 1347 491 1400; x_wconf 87' lang='lat' dir='ltr'><strong>sic</strong></span> <span class='ocrx_word' id='word_1_110' title='bbox 511 1355 624 1420; x_wconf 76' lang='lat' dir='ltr'><strong>aportat.</strong></span> <span class='ocrx_word' id='word_1_111' title='bbox 651 1349 757 1420; x_wconf 82' lang='lat' dir='ltr'><strong>impera</strong></span> <span class='ocrx_word' id='word_1_112' title='bbox 780 1348 975 1403; x_wconf 80' lang='lat' dir='ltr'><strong>suouetaurilia</strong></span> <span class='ocrx_word' id='word_1_113' title='bbox 993 1349 1144 1421; x_wconf 79' lang='lat' dir='ltr'><strong>circrunapi</strong></span> <span class='ocrx_word' id='word_1_114' title='bbox 1162 1388 1189 1401; x_wconf 91' lang='lat'><strong>..</strong></span> <span class='ocrx_word' id='word_1_115' title='bbox 1210 1389 1237 1402; x_wconf 93' lang='lat'><strong>..</strong></span> <span class='ocrx_word' id='word_1_116' title='bbox 1258 1345 1352 1402; x_wconf 84' lang='lat' dir='ltr'><strong>..abi</strong></span> <span class='ocrx_word' id='word_1_117' title='bbox 1367 1361 1486 1418; x_wconf 82' lang='lat' dir='ltr'><strong>porcum</strong></span> <span class='ocrx_word' id='word_1_118' title='bbox 1506 1341 1662 1410; x_wconf 82' lang='lat' dir='ltr'><strong>immolabis,</strong></span> 
     </span>
     <span class='ocr_line' id='line_1_12' title="bbox 318 1433 1662 1514; baseline 0 -20"><span class='ocrx_word' id='word_1_119' title='bbox 318 1457 416 1514; x_wconf 73' lang='lat' dir='ltr'><strong>apuam</strong></span> <span class='ocrx_word' id='word_1_120' title='bbox 436 1440 613 1514; x_wconf 73' lang='lat' dir='ltr'><strong>citatumque,</strong></span> <span class='ocrx_word' id='word_1_121' title='bbox 637 1443 676 1496; x_wconf 85' lang='lat' dir='ltr'><strong>sia</strong></span> <span class='ocrx_word' id='word_1_122' title='bbox 697 1448 801 1514; x_wconf 79' lang='lat' dir='ltr'><strong>oportet</strong></span> <span class='ocrx_word' id='word_1_123' title='bbox 821 1447 875 1498; x_wconf 89' lang='lat' dir='ltr'><strong>cet.</strong></span> <span class='ocrx_word' id='word_1_124' title='bbox 906 1439 984 1498; x_wconf 91' lang='lat' dir='ltr'><strong>unde</strong></span> <span class='ocrx_word' id='word_1_125' title='bbox 1009 1439 1039 1496; x_wconf 91' lang='lat' dir='ltr'><strong>in</strong></span> <span class='ocrx_word' id='word_1_126' title='bbox 1066 1437 1288 1498; x_wconf 85' lang='lat' dir='ltr'><strong>lustrationibus</strong></span> <span class='ocrx_word' id='word_1_127' title='bbox 1315 1433 1446 1513; x_wconf 81' lang='lat' dir='ltr'><strong>apparet</strong></span> <span class='ocrx_word' id='word_1_128' title='bbox 1466 1435 1575 1494; x_wconf 88' lang='lat' dir='ltr'><strong>circum</strong></span> <span class='ocrx_word' id='word_1_129' title='bbox 1596 1453 1662 1494; x_wconf 86' lang='lat' dir='ltr'><strong>arva</strong></span> 
     </span>
     <span class='ocr_line' id='line_1_13' title="bbox 317 1530 1663 1609; baseline -0.001 -19"><span class='ocrx_word' id='word_1_130' title='bbox 317 1531 421 1590; x_wconf 89' lang='lat' dir='ltr'><strong>ductos</strong></span> <span class='ocrx_word' id='word_1_131' title='bbox 443 1550 508 1590; x_wconf 67' lang='lat' dir='ltr'><strong>esse</strong></span> <span class='ocrx_word' id='word_1_132' title='bbox 529 1549 650 1609; x_wconf 90' lang='lat' dir='ltr'><strong>porcum</strong></span> <span class='ocrx_word' id='word_1_133' title='bbox 671 1539 701 1590; x_wconf 92' lang='lat' dir='ltr'><strong>et</strong></span> <span class='ocrx_word' id='word_1_134' title='bbox 722 1551 828 1609; x_wconf 85' lang='lat' dir='ltr'><strong>agnum</strong></span> <span class='ocrx_word' id='word_1_135' title='bbox 849 1541 879 1593; x_wconf 88' lang='lat' dir='ltr'><strong>et</strong></span> <span class='ocrx_word' id='word_1_136' title='bbox 899 1535 1025 1593; x_wconf 90' lang='lat' dir='ltr'><strong>vitulum.</strong></span> <span class='ocrx_word' id='word_1_137' title='bbox 1058 1533 1121 1592; x_wconf 89' lang='lat' dir='ltr'><strong>Iam</strong></span> <span class='ocrx_word' id='word_1_138' title='bbox 1143 1550 1211 1590; x_wconf 92' lang='lat' dir='ltr'><strong>vero</strong></span> <span class='ocrx_word' id='word_1_139' title='bbox 1232 1530 1390 1590; x_wconf 88' lang='lat' dir='ltr'><strong>notandum</strong></span> <span class='ocrx_word' id='word_1_140' title='bbox 1407 1536 1462 1602; x_wconf 88' lang='lat' dir='ltr'><strong>est,</strong></span> <span class='ocrx_word' id='word_1_141' title='bbox 1483 1548 1549 1589; x_wconf 90' lang='lat' dir='ltr'><strong>cum</strong></span> <span class='ocrx_word' id='word_1_142' title='bbox 1570 1537 1663 1589; x_wconf 85' lang='lat' dir='ltr'><strong>aetate</strong></span> 
     </span>
     <span class='ocr_line' id='line_1_14' title="bbox 319 1623 1662 1704; baseline -0.002 -19"><span class='ocrx_word' id='word_1_143' title='bbox 319 1627 482 1704; x_wconf 86' lang='lat' dir='ltr'><strong>antiquiore</strong></span> <span class='ocrx_word' id='word_1_144' title='bbox 515 1627 544 1684; x_wconf 89' lang='lat' dir='ltr'><strong>iu</strong></span> <span class='ocrx_word' id='word_1_145' title='bbox 578 1627 739 1686; x_wconf 81' lang='lat' dir='ltr'><strong>lustrandis</strong></span> <span class='ocrx_word' id='word_1_146' title='bbox 775 1628 854 1700; x_wconf 72' lang='lat' dir='ltr'><strong>agris</strong></span> <span class='ocrx_word' id='word_1_147' title='bbox 889 1629 976 1686; x_wconf 88' lang='lat' dir='ltr'><strong>Marti</strong></span> <span class='ocrx_word' id='word_1_148' title='bbox 1009 1628 1193 1703; x_wconf 86' lang='lat' dir='ltr'><strong>potissimum</strong></span> <span class='ocrx_word' id='word_1_149' title='bbox 1227 1627 1424 1685; x_wconf 86' lang='lat' dir='ltr'><strong>immolaretur</strong></span> <span class='ocrx_word' id='word_1_150' title='bbox 1443 1623 1538 1700; x_wconf 87' lang='lat' dir='ltr'><strong>(Catu</strong></span> <span class='ocrx_word' id='word_1_151' title='bbox 1559 1624 1662 1683; x_wconf 82' lang='lat' dir='ltr'><strong>luci.</strong></span> 
     </span>
     <span class='ocr_line' id='line_1_15' title="bbox 318 1719 1661 1798; baseline -0.002 -19"><span class='ocrx_word' id='word_1_152' title='bbox 318 1721 431 1780; x_wconf 89' lang='lat' dir='ltr'><strong>Preller</strong></span> <span class='ocrx_word' id='word_1_153' title='bbox 451 1722 469 1780; x_wconf 92' lang='lat' dir='ltr'><strong>l.</strong></span> <span class='ocrx_word' id='word_1_154' title='bbox 486 1739 509 1779; x_wconf 91' lang='lat' dir='ltr'><strong>c.</strong></span> <span class='ocrx_word' id='word_1_155' title='bbox 531 1739 560 1797; x_wconf 90' lang='lat' dir='ltr'><strong>p.</strong></span> <span class='ocrx_word' id='word_1_156' title='bbox 576 1719 660 1796; x_wconf 73' lang='lat'><strong>370),</strong></span> <span class='ocrx_word' id='word_1_157' title='bbox 687 1724 850 1798; x_wconf 88' lang='lat' dir='ltr'><strong>posteriore</strong></span> <span class='ocrx_word' id='word_1_158' title='bbox 876 1728 973 1782; x_wconf 89' lang='lat' dir='ltr'><strong>aetate</strong></span> <span class='ocrx_word' id='word_1_159' title='bbox 1002 1722 1105 1782; x_wconf 87' lang='lat' dir='ltr'><strong>Cereri</strong></span> <span class='ocrx_word' id='word_1_160' title='bbox 1130 1723 1249 1782; x_wconf 89' lang='lat' dir='ltr'><strong>tutelam</strong></span> <span class='ocrx_word' id='word_1_161' title='bbox 1270 1737 1404 1796; x_wconf 81' lang='lat' dir='ltr'><strong>agrorum</strong></span> <span class='ocrx_word' id='word_1_162' title='bbox 1430 1719 1570 1778; x_wconf 88' lang='lat' dir='ltr'><strong>tributam</strong></span> <span class='ocrx_word' id='word_1_163' title='bbox 1600 1735 1661 1776; x_wconf 87' lang='lat' dir='ltr'><strong>esse</strong></span> 
     </span>
     <span class='ocr_line' id='line_1_16' title="bbox 316 1813 1662 1894; baseline -0.003 -20"><span class='ocrx_word' id='word_1_164' title='bbox 316 1817 365 1892; x_wconf 86' lang='lat' dir='ltr'><strong>(ci.</strong></span> <span class='ocrx_word' id='word_1_165' title='bbox 388 1816 501 1892; x_wconf 81' lang='lat' dir='ltr'><strong>Vergil.</strong></span> <span class='ocrx_word' id='word_1_166' title='bbox 524 1817 625 1893; x_wconf 80' lang='lat' dir='ltr'><strong>Georp.</strong></span> <span class='ocrx_word' id='word_1_167' title='bbox 648 1817 665 1876; x_wconf 88' lang='lat' dir='ltr'><strong>l.</strong></span> <span class='ocrx_word' id='word_1_168' title='bbox 683 1835 708 1876; x_wconf 89' lang='lat' dir='ltr'><strong>a.</strong></span> <span class='ocrx_word' id='word_1_169' title='bbox 730 1823 760 1876; x_wconf 89' lang='lat' dir='ltr'><strong>et</strong></span> <span class='ocrx_word' id='word_1_170' title='bbox 788 1816 903 1874; x_wconf 88' lang='lat' dir='ltr'><strong>Prellcr</strong></span> <span class='ocrx_word' id='word_1_171' title='bbox 921 1818 939 1874; x_wconf 94' lang='lat' dir='ltr'><strong>l.</strong></span> <span class='ocrx_word' id='word_1_172' title='bbox 955 1835 979 1876; x_wconf 89' lang='lat' dir='ltr'><strong>e.</strong></span> <span class='ocrx_word' id='word_1_173' title='bbox 1001 1835 1029 1894; x_wconf 93' lang='lat' dir='ltr'><strong>p.</strong></span> <span class='ocrx_word' id='word_1_174' title='bbox 1044 1815 1127 1892; x_wconf 68' lang='lat' dir='ltr'><strong>sim:</strong></span> <span class='ocrx_word' id='word_1_175' title='bbox 1158 1817 1257 1892; x_wconf 86' lang='lat' dir='ltr'><strong>itaque</strong></span> <span class='ocrx_word' id='word_1_176' title='bbox 1288 1832 1342 1890; x_wconf 89' lang='lat' dir='ltr'><strong>pro</strong></span> <span class='ocrx_word' id='word_1_177' title='bbox 1374 1815 1502 1874; x_wconf 87' lang='lat' dir='ltr'><strong>maribus</strong></span> <span class='ocrx_word' id='word_1_178' title='bbox 1532 1813 1662 1888; x_wconf 87' lang='lat' dir='ltr'><strong>victimis,</strong></span> 
     </span>
     <span class='ocr_line' id='line_1_17' title="bbox 317 1908 1661 1987; baseline -0.001 -19"><span class='ocrx_word' id='word_1_179' title='bbox 317 1929 392 1987; x_wconf 91' lang='lat' dir='ltr'><strong>quas</strong></span> <span class='ocrx_word' id='word_1_180' title='bbox 412 1910 497 1968; x_wconf 89' lang='lat' dir='ltr'><strong>Marti</strong></span> <span class='ocrx_word' id='word_1_181' title='bbox 521 1911 681 1969; x_wconf 85' lang='lat' dir='ltr'><strong>sacrificari</strong></span> <span class='ocrx_word' id='word_1_182' title='bbox 702 1912 747 1970; x_wconf 84' lang='lat' dir='ltr'><strong>ias</strong></span> <span class='ocrx_word' id='word_1_183' title='bbox 769 1917 868 1985; x_wconf 72' lang='lat' dir='ltr'><strong>esset„</strong></span> <span class='ocrx_word' id='word_1_184' title='bbox 889 1929 926 1968; x_wconf 87' lang='lat' dir='ltr'><strong>ex</strong></span> <span class='ocrx_word' id='word_1_185' title='bbox 953 1912 1163 1971; x_wconf 87' lang='lat' dir='ltr'><strong>cousuetudine</strong></span> <span class='ocrx_word' id='word_1_186' title='bbox 1184 1911 1328 1984; x_wconf 85' lang='lat' dir='ltr'><strong>Romana,</strong></span> <span class='ocrx_word' id='word_1_187' title='bbox 1349 1927 1409 1986; x_wconf 90' lang='lat' dir='ltr'><strong>qua</strong></span> <span class='ocrx_word' id='word_1_188' title='bbox 1429 1908 1542 1969; x_wconf 88' lang='lat' dir='ltr'><strong>deabus</strong></span> <span class='ocrx_word' id='word_1_189' title='bbox 1564 1908 1661 1967; x_wconf 88' lang='lat' dir='ltr'><strong>hostiis</strong></span> 
     </span>
     <span class='ocr_line' id='line_1_18' title="bbox 316 2002 1661 2082; baseline -0.003 -19"><span class='ocrx_word' id='word_1_190' title='bbox 316 2005 514 2066; x_wconf 86' lang='lat' dir='ltr'><strong>immolaretur</strong></span> <span class='ocrx_word' id='word_1_191' title='bbox 533 2007 658 2078; x_wconf 82' lang='lat' dir='ltr'><strong>taminia,</strong></span> <span class='ocrx_word' id='word_1_192' title='bbox 679 2006 707 2063; x_wconf 91' lang='lat' dir='ltr'><strong>iu</strong></span> <span class='ocrx_word' id='word_1_193' title='bbox 730 2004 959 2064; x_wconf 86' lang='lat' dir='ltr'><strong>Ambarvallbus</strong></span> <span class='ocrx_word' id='word_1_194' title='bbox 980 2023 1096 2082; x_wconf 89' lang='lat' dir='ltr'><strong>quoque</strong></span> <span class='ocrx_word' id='word_1_195' title='bbox 1110 2006 1234 2064; x_wconf 87' lang='lat' dir='ltr'><strong>feminae</strong></span> <span class='ocrx_word' id='word_1_196' title='bbox 1250 2005 1426 2063; x_wconf 86' lang='lat' dir='ltr'><strong>substitutae</strong></span> <span class='ocrx_word' id='word_1_197' title='bbox 1447 2009 1522 2078; x_wconf 86' lang='lat' dir='ltr'><strong>suut,</strong></span> <span class='ocrx_word' id='word_1_198' title='bbox 1542 2002 1574 2062; x_wconf 91' lang='lat' dir='ltr'><strong>id</strong></span> <span class='ocrx_word' id='word_1_199' title='bbox 1588 2003 1661 2080; x_wconf 90' lang='lat' dir='ltr'><strong>quod</strong></span> 
     </span>
     <span class='ocr_line' id='line_1_19' title="bbox 316 2097 1660 2176; baseline -0.002 -19"><span class='ocrx_word' id='word_1_200' title='bbox 316 2107 417 2176; x_wconf 88' lang='lat' dir='ltr'><strong>aperte</strong></span> <span class='ocrx_word' id='word_1_201' title='bbox 439 2106 563 2160; x_wconf 85' lang='lat' dir='ltr'><strong>testatur</strong></span> <span class='ocrx_word' id='word_1_202' title='bbox 595 2099 714 2158; x_wconf 86' lang='lat' dir='ltr'><strong>Servius</strong></span> <span class='ocrx_word' id='word_1_203' title='bbox 748 2097 799 2174; x_wconf 88' lang='lat' dir='ltr'><strong>(ad</strong></span> <span class='ocrx_word' id='word_1_204' title='bbox 825 2099 924 2176; x_wconf 78' lang='lat' dir='ltr'><strong>Georp.</strong></span> <span class='ocrx_word' id='word_1_205' title='bbox 943 2102 967 2174; x_wconf 89' lang='lat'><strong>1,</strong></span> <span class='ocrx_word' id='word_1_206' title='bbox 982 2101 1064 2176; x_wconf 76' lang='lat'><strong>345),</strong></span> <span class='ocrx_word' id='word_1_207' title='bbox 1093 2119 1158 2160; x_wconf 90' lang='lat' dir='ltr'><strong>eum</strong></span> <span class='ocrx_word' id='word_1_208' title='bbox 1185 2101 1351 2158; x_wconf 69' lang='lat' dir='ltr'><strong>Asusamus</strong></span> <span class='ocrx_word' id='word_1_209' title='bbox 1378 2099 1481 2157; x_wconf 88' lang='lat' dir='ltr'><strong>scribit</strong></span> <span class='ocrx_word' id='word_1_210' title='bbox 1503 2101 1660 2172; x_wconf 75' lang='lat' dir='ltr'><strong>sacrificium</strong></span> 
     </span>
     <span class='ocr_line' id='line_1_20' title="bbox 318 2191 1662 2272; baseline -0.001 -22"><span class='ocrx_word' id='word_1_211' title='bbox 318 2196 393 2269; x_wconf 80' lang='lat' dir='ltr'><strong>quud</strong></span> <span class='ocrx_word' id='word_1_212' title='bbox 412 2195 444 2251; x_wconf 87' lang='lat' dir='ltr'><strong>de</strong></span> <span class='ocrx_word' id='word_1_213' title='bbox 462 2215 553 2270; x_wconf 89' lang='lat' dir='ltr'><strong>porca</strong></span> <span class='ocrx_word' id='word_1_214' title='bbox 573 2205 597 2252; x_wconf 83' lang='lat' dir='ltr'><strong>et</strong></span> <span class='ocrx_word' id='word_1_215' title='bbox 614 2214 695 2271; x_wconf 84' lang='lat' dir='ltr'><strong>saepe</strong></span> <span class='ocrx_word' id='word_1_216' title='bbox 715 2195 841 2268; x_wconf 84' lang='lat' dir='ltr'><strong>secunda</strong></span> <span class='ocrx_word' id='word_1_217' title='bbox 866 2203 890 2250; x_wconf 83' lang='lat' dir='ltr'><strong>ct</strong></span> <span class='ocrx_word' id='word_1_218' title='bbox 908 2197 1029 2270; x_wconf 79' lang='lat' dir='ltr'><strong>prouida</strong></span> <span class='ocrx_word' id='word_1_219' title='bbox 1041 2199 1107 2272; x_wconf 76' lang='lat' dir='ltr'><strong>fieri</strong></span> <span class='ocrx_word' id='word_1_220' title='bbox 1127 2203 1306 2252; x_wconf 74' lang='lat' dir='ltr'><strong>camueuerut.</strong></span> <span class='ocrx_word' id='word_1_221' title='bbox 1349 2191 1472 2253; x_wconf 84' lang='lat' dir='ltr'><strong>Sacrum</strong></span> <span class='ocrx_word' id='word_1_222' title='bbox 1492 2201 1589 2252; x_wconf 87' lang='lat' dir='ltr'><strong>autem</strong></span> <span class='ocrx_word' id='word_1_223' title='bbox 1609 2193 1662 2250; x_wconf 87' lang='lat' dir='ltr'><strong>Ar-</strong></span> 
     </span>
     <span class='ocr_line' id='line_1_21' title="bbox 317 2285 1661 2366; baseline -0.002 -20"><span class='ocrx_word' id='word_1_224' title='bbox 317 2287 423 2347; x_wconf 85' lang='lat' dir='ltr'><strong>valium</strong></span> <span class='ocrx_word' id='word_1_225' title='bbox 446 2289 503 2346; x_wconf 89' lang='lat' dir='ltr'><strong>diei</strong></span> <span class='ocrx_word' id='word_1_226' title='bbox 524 2289 645 2347; x_wconf 82' lang='lat' dir='ltr'><strong>secundi</strong></span> <span class='ocrx_word' id='word_1_227' title='bbox 665 2297 755 2349; x_wconf 87' lang='lat' dir='ltr'><strong>autea</strong></span> <span class='ocrx_word' id='word_1_228' title='bbox 776 2290 899 2350; x_wconf 89' lang='lat' dir='ltr'><strong>vidimus</strong></span> <span class='ocrx_word' id='word_1_229' title='bbox 921 2288 1014 2349; x_wconf 90' lang='lat' dir='ltr'><strong>tribus</strong></span> <span class='ocrx_word' id='word_1_230' title='bbox 1033 2291 1218 2366; x_wconf 88' lang='lat' dir='ltr'><strong>potissimum</strong></span> <span class='ocrx_word' id='word_1_231' title='bbox 1238 2289 1407 2348; x_wconf 85' lang='lat' dir='ltr'><strong>constitisse</strong></span> <span class='ocrx_word' id='word_1_232' title='bbox 1423 2285 1586 2360; x_wconf 85' lang='lat' dir='ltr'><strong>sacrifieiis,</strong></span> <span class='ocrx_word' id='word_1_233' title='bbox 1601 2303 1661 2344; x_wconf 91' lang='lat' dir='ltr'><strong>eum</strong></span> 
     </span>
     <span class='ocr_line' id='line_1_22' title="bbox 317 2380 1662 2460; baseline -0.001 -20"><span class='ocrx_word' id='word_1_234' title='bbox 317 2400 426 2460; x_wconf 88' lang='lat' dir='ltr'><strong>porcae</strong></span> <span class='ocrx_word' id='word_1_235' title='bbox 447 2384 665 2442; x_wconf 87' lang='lat' dir='ltr'><strong>immolarentur</strong></span> <span class='ocrx_word' id='word_1_236' title='bbox 694 2391 723 2444; x_wconf 91' lang='lat' dir='ltr'><strong>et</strong></span> <span class='ocrx_word' id='word_1_237' title='bbox 754 2403 846 2444; x_wconf 86' lang='lat' dir='ltr'><strong>vacua</strong></span> <span class='ocrx_word' id='word_1_238' title='bbox 883 2391 912 2443; x_wconf 93' lang='lat' dir='ltr'><strong>et</strong></span> <span class='ocrx_word' id='word_1_239' title='bbox 941 2402 1020 2459; x_wconf 81' lang='lat' dir='ltr'><strong>agna</strong></span> <span class='ocrx_word' id='word_1_240' title='bbox 1051 2384 1162 2460; x_wconf 88' lang='lat' dir='ltr'><strong>opima,</strong></span> <span class='ocrx_word' id='word_1_241' title='bbox 1187 2391 1220 2442; x_wconf 91' lang='lat' dir='ltr'><strong>ut</strong></span> <span class='ocrx_word' id='word_1_242' title='bbox 1243 2383 1356 2443; x_wconf 89' lang='lat' dir='ltr'><strong>hostiae</strong></span> <span class='ocrx_word' id='word_1_243' title='bbox 1382 2382 1458 2442; x_wconf 84' lang='lat' dir='ltr'><strong>sacri</strong></span> <span class='ocrx_word' id='word_1_244' title='bbox 1490 2380 1564 2440; x_wconf 87' lang='lat' dir='ltr'><strong>deae</strong></span> <span class='ocrx_word' id='word_1_245' title='bbox 1593 2380 1662 2439; x_wconf 88' lang='lat' dir='ltr'><strong>Diae</strong></span> 
     </span>
     <span class='ocr_line' id='line_1_23' title="bbox 316 2477 1660 2555; baseline -0.002 -19"><span class='ocrx_word' id='word_1_246' title='bbox 316 2479 404 2554; x_wconf 88' lang='lat' dir='ltr'><strong>plane</strong></span> <span class='ocrx_word' id='word_1_247' title='bbox 424 2479 624 2555; x_wconf 86' lang='lat' dir='ltr'><strong>respondeant</strong></span> <span class='ocrx_word' id='word_1_248' title='bbox 648 2478 754 2538; x_wconf 90' lang='lat' dir='ltr'><strong>hostiis</strong></span> <span class='ocrx_word' id='word_1_249' title='bbox 782 2481 820 2538; x_wconf 94' lang='lat' dir='ltr'><strong>ob</strong></span> <span class='ocrx_word' id='word_1_250' title='bbox 845 2477 1014 2548; x_wconf 81' lang='lat' dir='ltr'><strong>lustrandas</strong></span> <span class='ocrx_word' id='word_1_251' title='bbox 1041 2496 1129 2553; x_wconf 84' lang='lat' dir='ltr'><strong>agros</strong></span> <span class='ocrx_word' id='word_1_252' title='bbox 1155 2479 1245 2538; x_wconf 84' lang='lat' dir='ltr'><strong>Marti</strong></span> <span class='ocrx_word' id='word_1_253' title='bbox 1271 2478 1439 2550; x_wconf 87' lang='lat' dir='ltr'><strong>immolatis,</strong></span> <span class='ocrx_word' id='word_1_254' title='bbox 1461 2494 1536 2553; x_wconf 88' lang='lat' dir='ltr'><strong>quae</strong></span> <span class='ocrx_word' id='word_1_255' title='bbox 1557 2493 1660 2552; x_wconf 87' lang='lat' dir='ltr'><strong>porcus</strong></span> 
     </span>
     <span class='ocr_line' id='line_1_24' title="bbox 317 2572 1663 2651; baseline -0.001 -21"><span class='ocrx_word' id='word_1_256' title='bbox 317 2583 401 2631; x_wconf 86' lang='lat' dir='ltr'><strong>eraut</strong></span> <span class='ocrx_word' id='word_1_257' title='bbox 421 2578 451 2630; x_wconf 90' lang='lat' dir='ltr'><strong>et</strong></span> <span class='ocrx_word' id='word_1_258' title='bbox 471 2593 564 2650; x_wconf 78' lang='lat' dir='ltr'><strong>agnus</strong></span> <span class='ocrx_word' id='word_1_259' title='bbox 586 2573 762 2651; x_wconf 90' lang='lat' dir='ltr'><strong>vitulusque.</strong></span> <span class='ocrx_word' id='word_1_260' title='bbox 802 2575 867 2632; x_wconf 90' lang='lat' dir='ltr'><strong>Dea</strong></span> <span class='ocrx_word' id='word_1_261' title='bbox 894 2579 990 2632; x_wconf 89' lang='lat' dir='ltr'><strong>autem</strong></span> <span class='ocrx_word' id='word_1_262' title='bbox 1017 2572 1075 2631; x_wconf 87' lang='lat' dir='ltr'><strong>Diu</strong></span> <span class='ocrx_word' id='word_1_263' title='bbox 1101 2573 1204 2632; x_wconf 85' lang='lat' dir='ltr'><strong>eadem</strong></span> <span class='ocrx_word' id='word_1_264' title='bbox 1230 2574 1289 2632; x_wconf 84' lang='lat' dir='ltr'><strong>iere</strong></span> <span class='ocrx_word' id='word_1_265' title='bbox 1320 2573 1449 2632; x_wconf 90' lang='lat' dir='ltr'><strong>ereditur</strong></span> <span class='ocrx_word' id='word_1_266' title='bbox 1469 2572 1558 2630; x_wconf 82' lang='lat' dir='ltr'><strong>luisse</strong></span> <span class='ocrx_word' id='word_1_267' title='bbox 1580 2575 1663 2646; x_wconf 85' lang='lat' dir='ltr'><strong>atque</strong></span> 
     </span>
     <span class='ocr_line' id='line_1_25' title="bbox 318 2665 1663 2745; baseline -0.003 -19"><span class='ocrx_word' id='word_1_268' title='bbox 318 2668 423 2726; x_wconf 86' lang='lat' dir='ltr'><strong>Ocres:</strong></span> <span class='ocrx_word' id='word_1_269' title='bbox 444 2669 543 2745; x_wconf 89' lang='lat' dir='ltr'><strong>itaque</strong></span> <span class='ocrx_word' id='word_1_270' title='bbox 565 2667 590 2724; x_wconf 90' lang='lat' dir='ltr'><strong>si</strong></span> <span class='ocrx_word' id='word_1_271' title='bbox 611 2673 708 2727; x_wconf 86' lang='lat' dir='ltr'><strong>aetate</strong></span> <span class='ocrx_word' id='word_1_272' title='bbox 725 2669 887 2744; x_wconf 88' lang='lat' dir='ltr'><strong>posteriore</strong></span> <span class='ocrx_word' id='word_1_273' title='bbox 905 2665 998 2725; x_wconf 86' lang='lat' dir='ltr'><strong>Ceres</strong></span> <span class='ocrx_word' id='word_1_274' title='bbox 1015 2665 1120 2726; x_wconf 90' lang='lat' dir='ltr'><strong>Martis</strong></span> <span class='ocrx_word' id='word_1_275' title='bbox 1135 2669 1201 2727; x_wconf 88' lang='lat' dir='ltr'><strong>loco</strong></span> <span class='ocrx_word' id='word_1_276' title='bbox 1215 2669 1244 2726; x_wconf 91' lang='lat' dir='ltr'><strong>iu</strong></span> <span class='ocrx_word' id='word_1_277' title='bbox 1259 2667 1489 2728; x_wconf 90' lang='lat' dir='ltr'><strong>Ambarvalibus</strong></span> <span class='ocrx_word' id='word_1_278' title='bbox 1505 2665 1663 2738; x_wconf 87' lang='lat' dir='ltr'><strong>colebatur,</strong></span> 
     </span>
     <span class='ocr_line' id='line_1_26' title="bbox 318 2761 1662 2839; baseline -0.002 -19"><span class='ocrx_word' id='word_1_279' title='bbox 318 2762 401 2822; x_wconf 77' lang='lat' dir='ltr'><strong>dorum</strong></span> <span class='ocrx_word' id='word_1_280' title='bbox 423 2763 547 2822; x_wconf 91' lang='lat' dir='ltr'><strong>cundem</strong></span> <span class='ocrx_word' id='word_1_281' title='bbox 567 2763 595 2820; x_wconf 93' lang='lat' dir='ltr'><strong>iu</strong></span> <span class='ocrx_word' id='word_1_282' title='bbox 618 2762 662 2821; x_wconf 90' lang='lat' dir='ltr'><strong>bis</strong></span> <span class='ocrx_word' id='word_1_283' title='bbox 684 2772 772 2839; x_wconf 84' lang='lat' dir='ltr'><strong>atque</strong></span> <span class='ocrx_word' id='word_1_284' title='bbox 799 2764 827 2821; x_wconf 92' lang='lat' dir='ltr'><strong>in</strong></span> <span class='ocrx_word' id='word_1_285' title='bbox 854 2779 939 2822; x_wconf 86' lang='lat' dir='ltr'><strong>sacra</strong></span> <span class='ocrx_word' id='word_1_286' title='bbox 959 2761 1109 2819; x_wconf 88' lang='lat' dir='ltr'><strong>Arvalium</strong></span> <span class='ocrx_word' id='word_1_287' title='bbox 1141 2762 1249 2820; x_wconf 89' lang='lat' dir='ltr'><strong>cultam</strong></span> <span class='ocrx_word' id='word_1_288' title='bbox 1274 2779 1339 2820; x_wconf 89' lang='lat' dir='ltr'><strong>esse</strong></span> <span class='ocrx_word' id='word_1_289' title='bbox 1367 2761 1499 2820; x_wconf 81' lang='lat' dir='ltr'><strong>efficitur.</strong></span> <span class='ocrx_word' id='word_1_290' title='bbox 1541 2761 1662 2820; x_wconf 88' lang='lat' dir='ltr'><strong>Ambar-</strong></span> 
     </span>
     <span class='ocr_line' id='line_1_27' title="bbox 318 2852 1663 2932; baseline -0.001 -18"><span class='ocrx_word' id='word_1_291' title='bbox 318 2858 396 2916; x_wconf 89' lang='lat' dir='ltr'><strong>valia</strong></span> <span class='ocrx_word' id='word_1_292' title='bbox 418 2858 507 2932; x_wconf 83' lang='lat' dir='ltr'><strong>igitur</strong></span> <span class='ocrx_word' id='word_1_293' title='bbox 527 2863 555 2916; x_wconf 92' lang='lat' dir='ltr'><strong>et</strong></span> <span class='ocrx_word' id='word_1_294' title='bbox 576 2875 690 2916; x_wconf 87' lang='lat' dir='ltr'><strong>suerum</strong></span> <span class='ocrx_word' id='word_1_295' title='bbox 712 2858 881 2932; x_wconf 85' lang='lat' dir='ltr'><strong>Arvalium,</strong></span> <span class='ocrx_word' id='word_1_296' title='bbox 907 2873 972 2913; x_wconf 89' lang='lat' dir='ltr'><strong>cum</strong></span> <span class='ocrx_word' id='word_1_297' title='bbox 998 2852 1071 2912; x_wconf 90' lang='lat' dir='ltr'><strong>deae</strong></span> <span class='ocrx_word' id='word_1_298' title='bbox 1097 2853 1190 2914; x_wconf 90' lang='lat' dir='ltr'><strong>cidem</strong></span> <span class='ocrx_word' id='word_1_299' title='bbox 1217 2854 1320 2914; x_wconf 88' lang='lat' dir='ltr'><strong>iisdem</strong></span> <span class='ocrx_word' id='word_1_300' title='bbox 1341 2854 1465 2914; x_wconf 85' lang='lat' dir='ltr'><strong>victimis</strong></span> <span class='ocrx_word' id='word_1_301' title='bbox 1488 2855 1663 2914; x_wconf 88' lang='lat' dir='ltr'><strong>celebraturo</strong></span> 
     </span>
     <span class='ocr_line' id='line_1_28' title="bbox 318 2949 1663 3028; baseline 0 -20"><span class='ocrx_word' id='word_1_302' title='bbox 318 2952 364 3026; x_wconf 85' lang='lat' dir='ltr'><strong>sit,</strong></span> <span class='ocrx_word' id='word_1_303' title='bbox 396 2951 524 3010; x_wconf 85' lang='lat' dir='ltr'><strong>dubitari</strong></span> <span class='ocrx_word' id='word_1_304' title='bbox 550 2952 651 3028; x_wconf 88' lang='lat' dir='ltr'><strong>nequit</strong></span> <span class='ocrx_word' id='word_1_305' title='bbox 672 2951 742 3028; x_wconf 86' lang='lat' dir='ltr'><strong>quin</strong></span> <span class='ocrx_word' id='word_1_306' title='bbox 765 2952 883 3010; x_wconf 88' lang='lat' dir='ltr'><strong>diversa</strong></span> <span class='ocrx_word' id='word_1_307' title='bbox 903 2967 961 3008; x_wconf 92' lang='lat' dir='ltr'><strong>nou</strong></span> <span class='ocrx_word' id='word_1_308' title='bbox 991 2949 1105 3008; x_wconf 83' lang='lat' dir='ltr'><strong>fuerint.</strong></span> <span class='ocrx_word' id='word_1_309' title='bbox 1136 2949 1263 3009; x_wconf 86' lang='lat' dir='ltr'><strong>Accedit</strong></span> <span class='ocrx_word' id='word_1_310' title='bbox 1283 2949 1408 3026; x_wconf 88' lang='lat' dir='ltr'><strong>deniqne</strong></span> <span class='ocrx_word' id='word_1_311' title='bbox 1429 2949 1513 3008; x_wconf 87' lang='lat' dir='ltr'><strong>testis</strong></span> <span class='ocrx_word' id='word_1_312' title='bbox 1535 2950 1663 3026; x_wconf 87' lang='lat' dir='ltr'><strong>locuples</strong></span> 
     </span>
     <span class='ocr_line' id='line_1_29' title="bbox 321 3044 1664 3122; baseline -0.001 -18"><span class='ocrx_word' id='word_1_313' title='bbox 321 3047 442 3119; x_wconf 80' lang='lat' dir='ltr'><strong>Festus,</strong></span> <span class='ocrx_word' id='word_1_314' title='bbox 471 3045 551 3104; x_wconf 81' lang='lat' dir='ltr'><strong>auius</strong></span> <span class='ocrx_word' id='word_1_315' title='bbox 580 3046 658 3122; x_wconf 92' lang='lat' dir='ltr'><strong>apud</strong></span> <span class='ocrx_word' id='word_1_316' title='bbox 687 3047 884 3105; x_wconf 86' lang='lat' dir='ltr'><strong>breviatorem</strong></span> <span class='ocrx_word' id='word_1_317' title='bbox 914 3045 948 3121; x_wconf 82' lang='lat' dir='ltr'><strong>(e.</strong></span> <span class='ocrx_word' id='word_1_318' title='bbox 967 3063 992 3102; x_wconf 91' lang='lat' dir='ltr'><strong>v.</strong></span> <span class='ocrx_word' id='word_1_319' title='bbox 1009 3045 1188 3102; x_wconf 57' lang='lat' dir='ltr'><strong>striclaroales</strong></span> <span class='ocrx_word' id='word_1_320' title='bbox 1208 3045 1328 3121; x_wconf 83' lang='lat' dir='ltr'><strong>pbed.</strong></span> <span class='ocrx_word' id='word_1_321' title='bbox 1346 3045 1401 3120; x_wconf 82' lang='lat' dir='ltr'><strong>M.)</strong></span> <span class='ocrx_word' id='word_1_322' title='bbox 1421 3045 1512 3104; x_wconf 87' lang='lat' dir='ltr'><strong>verba</strong></span> <span class='ocrx_word' id='word_1_323' title='bbox 1530 3044 1664 3119; x_wconf 83' lang='lat' dir='ltr'><strong>leguntur</strong></span> 
     </span>
     <span class='ocr_line' id='line_1_30' title="bbox 319 3139 1661 3215; baseline -0.001 -19"><span class='ocrx_word' id='word_1_324' title='bbox 319 3139 405 3198; x_wconf 85' lang='lat' dir='ltr'><strong>haec:</strong></span> <span class='ocrx_word' id='word_1_325' title='bbox 433 3141 604 3198; x_wconf 81' lang='lat' dir='ltr'><strong>anibarcalcs</strong></span> <span class='ocrx_word' id='word_1_326' title='bbox 629 3143 732 3200; x_wconf 81' lang='lat' dir='ltr'><strong>bustiae</strong></span> <span class='ocrx_word' id='word_1_327' title='bbox 758 3142 932 3210; x_wconf 82' lang='lat' dir='ltr'><strong>dicebantur,</strong></span> <span class='ocrx_word' id='word_1_328' title='bbox 959 3158 1028 3215; x_wconf 76' lang='lat' dir='ltr'><strong>pisae</strong></span> <span class='ocrx_word' id='word_1_329' title='bbox 1050 3159 1102 3215; x_wconf 86' lang='lat' dir='ltr'><strong>pro</strong></span> <span class='ocrx_word' id='word_1_330' title='bbox 1123 3143 1197 3196; x_wconf 81' lang='lat' dir='ltr'><strong>aruis</strong></span> <span class='ocrx_word' id='word_1_331' title='bbox 1217 3159 1236 3195; x_wconf 92' lang='lat' dir='ltr'><strong>a</strong></span> <span class='ocrx_word' id='word_1_332' title='bbox 1255 3141 1359 3197; x_wconf 83' lang='lat' dir='ltr'><strong>duobus</strong></span> <span class='ocrx_word' id='word_1_333' title='bbox 1371 3141 1511 3214; x_wconf 82' lang='lat' dir='ltr'><strong>fratribus</strong></span> <span class='ocrx_word' id='word_1_334' title='bbox 1529 3143 1661 3213; x_wconf 74' lang='lat' dir='ltr'><strong>sacrufica-</strong></span> 
     </span>
     <span class='ocr_line' id='line_1_31' title="bbox 318 3231 1660 3309; baseline 0 -19"><span class='ocrx_word' id='word_1_335' title='bbox 318 3236 434 3306; x_wconf 72' lang='lat' dir='ltr'><strong>liuram,-</strong></span> <span class='ocrx_word' id='word_1_336' title='bbox 453 3241 533 3293; x_wconf 87' lang='lat' dir='ltr'><strong>recte</strong></span> <span class='ocrx_word' id='word_1_337' title='bbox 554 3235 630 3292; x_wconf 89' lang='lat' dir='ltr'><strong>cuim</strong></span> <span class='ocrx_word' id='word_1_338' title='bbox 651 3236 689 3294; x_wconf 90' lang='lat' dir='ltr'><strong>ibi</strong></span> <span class='ocrx_word' id='word_1_339' title='bbox 711 3235 780 3294; x_wconf 87' lang='lat' dir='ltr'><strong>mihi</strong></span> <span class='ocrx_word' id='word_1_340' title='bbox 802 3235 936 3294; x_wconf 88' lang='lat' dir='ltr'><strong>videntur</strong></span> <span class='ocrx_word' id='word_1_341' title='bbox 957 3231 1112 3292; x_wconf 87' lang='lat' dir='ltr'><strong>emendata</strong></span> <span class='ocrx_word' id='word_1_342' title='bbox 1132 3251 1198 3292; x_wconf 90' lang='lat' dir='ltr'><strong>esse</strong></span> <span class='ocrx_word' id='word_1_343' title='bbox 1213 3234 1304 3293; x_wconf 90' lang='lat' dir='ltr'><strong>verba</strong></span> <span class='ocrx_word' id='word_1_344' title='bbox 1324 3254 1342 3290; x_wconf 89' lang='lat' dir='ltr'><strong>a</strong></span> <span class='ocrx_word' id='word_1_345' title='bbox 1361 3233 1466 3291; x_wconf 74' lang='lat' dir='ltr'><strong>duobis</strong></span> <span class='ocrx_word' id='word_1_346' title='bbox 1479 3235 1618 3309; x_wconf 73' lang='lat' dir='ltr'><strong>fratribus</strong></span> <span class='ocrx_word' id='word_1_347' title='bbox 1636 3233 1660 3290; x_wconf 89' lang='lat' dir='ltr'><strong>iu</strong></span> 
     </span>
     <span class='ocr_line' id='line_1_32' title="bbox 318 3328 1663 3404; baseline 0 -19"><span class='ocrx_word' id='word_1_348' title='bbox 318 3349 337 3385; x_wconf 90' lang='lat' dir='ltr'><strong>a</strong></span> <span class='ocrx_word' id='word_1_349' title='bbox 357 3333 498 3386; x_wconf 69' lang='lat' dir='ltr'><strong>dilaniatur.</strong></span> <span class='ocrx_word' id='word_1_350' title='bbox 511 3332 658 3404; x_wconf 81' lang='lat' dir='ltr'><strong>fratribus,</strong></span> <span class='ocrx_word' id='word_1_351' title='bbox 679 3338 711 3390; x_wconf 90' lang='lat' dir='ltr'><strong>ut</strong></span> <span class='ocrx_word' id='word_1_352' title='bbox 731 3330 941 3403; x_wconf 80' lang='lat' dir='ltr'><strong>intellegantur</strong></span> <span class='ocrx_word' id='word_1_353' title='bbox 958 3328 1097 3402; x_wconf 84' lang='lat' dir='ltr'><strong>Arvales,</strong></span> <span class='ocrx_word' id='word_1_354' title='bbox 1117 3328 1166 3404; x_wconf 90' lang='lat' dir='ltr'><strong>qui</strong></span> <span class='ocrx_word' id='word_1_355' title='bbox 1189 3329 1245 3386; x_wconf 89' lang='lat' dir='ltr'><strong>soli</strong></span> <span class='ocrx_word' id='word_1_356' title='bbox 1266 3328 1380 3386; x_wconf 90' lang='lat' dir='ltr'><strong>nomine</strong></span> <span class='ocrx_word' id='word_1_357' title='bbox 1402 3329 1523 3387; x_wconf 84' lang='lat' dir='ltr'><strong>fratrum</strong></span> <span class='ocrx_word' id='word_1_358' title='bbox 1541 3328 1587 3386; x_wconf 88' lang='lat' dir='ltr'><strong>usi</strong></span> <span class='ocrx_word' id='word_1_359' title='bbox 1602 3335 1663 3386; x_wconf 87' lang='lat' dir='ltr'><strong>sunt</strong></span> 
     </span>
     <span class='ocr_line' id='line_1_33' title="bbox 319 3420 1661 3502; baseline -0.001 -20"><span class='ocrx_word' id='word_1_360' title='bbox 319 3427 369 3499; x_wconf 88' lang='lat' dir='ltr'><strong>(cf.</strong></span> <span class='ocrx_word' id='word_1_361' title='bbox 401 3425 565 3483; x_wconf 82' lang='lat' dir='ltr'><strong>Exordium</strong></span> <span class='ocrx_word' id='word_1_362' title='bbox 592 3442 620 3501; x_wconf 92' lang='lat' dir='ltr'><strong>p.</strong></span> <span class='ocrx_word' id='word_1_363' title='bbox 644 3425 679 3502; x_wconf 91' lang='lat' dir='ltr'><strong>l).</strong></span> <span class='ocrx_word' id='word_1_364' title='bbox 722 3424 800 3483; x_wconf 85' lang='lat' dir='ltr'><strong>Sane</strong></span> <span class='ocrx_word' id='word_1_365' title='bbox 831 3423 996 3483; x_wconf 86' lang='lat' dir='ltr'><strong>emendatio</strong></span> <span class='ocrx_word' id='word_1_366' title='bbox 1026 3423 1078 3480; x_wconf 90' lang='lat' dir='ltr'><strong>illa</strong></span> <span class='ocrx_word' id='word_1_367' title='bbox 1107 3439 1161 3480; x_wconf 91' lang='lat' dir='ltr'><strong>uec</strong></span> <span class='ocrx_word' id='word_1_368' title='bbox 1197 3422 1324 3481; x_wconf 86' lang='lat' dir='ltr'><strong>Miilluro</strong></span> <span class='ocrx_word' id='word_1_369' title='bbox 1357 3420 1407 3497; x_wconf 87' lang='lat' dir='ltr'><strong>(ad</strong></span> <span class='ocrx_word' id='word_1_370' title='bbox 1438 3422 1558 3481; x_wconf 75' lang='lat' dir='ltr'><strong>Paullum</strong></span> <span class='ocrx_word' id='word_1_371' title='bbox 1587 3425 1661 3481; x_wconf 81' lang='lat' dir='ltr'><strong>Diae.</strong></span> 
     </span>
     <span class='ocr_line' id='line_1_34' title="bbox 317 3515 1662 3595; baseline -0.001 -18"><span class='ocrx_word' id='word_1_372' title='bbox 317 3520 336 3577; x_wconf 90' lang='lat' dir='ltr'><strong>l.</strong></span> <span class='ocrx_word' id='word_1_373' title='bbox 352 3520 388 3592; x_wconf 89' lang='lat' dir='ltr'><strong>e.)</strong></span> <span class='ocrx_word' id='word_1_374' title='bbox 410 3519 520 3595; x_wconf 88' lang='lat' dir='ltr'><strong>placuit</strong></span> <span class='ocrx_word' id='word_1_375' title='bbox 546 3536 600 3576; x_wconf 88' lang='lat' dir='ltr'><strong>nee</strong></span> <span class='ocrx_word' id='word_1_376' title='bbox 626 3518 833 3595; x_wconf 86' lang='lat' dir='ltr'><strong>Marqnardtio</strong></span> <span class='ocrx_word' id='word_1_377' title='bbox 853 3517 901 3594; x_wconf 82' lang='lat' dir='ltr'><strong>(R.</strong></span> <span class='ocrx_word' id='word_1_378' title='bbox 916 3521 952 3578; x_wconf 85' lang='lat' dir='ltr'><strong>A.</strong></span> <span class='ocrx_word' id='word_1_379' title='bbox 973 3521 992 3576; x_wconf 87' lang='grc'>4</span> <span class='ocrx_word' id='word_1_380' title='bbox 1012 3536 1040 3594; x_wconf 93' lang='lat' dir='ltr'><strong>p.</strong></span> <span class='ocrx_word' id='word_1_381' title='bbox 1055 3519 1122 3592; x_wconf 79' lang='lat'>418)</span> <span class='ocrx_word' id='word_1_382' title='bbox 1144 3534 1196 3575; x_wconf 90' lang='lat' dir='ltr'><strong>nee</strong></span> <span class='ocrx_word' id='word_1_383' title='bbox 1212 3517 1341 3575; x_wconf 86' lang='lat' dir='ltr'><strong>Prellero</strong></span> <span class='ocrx_word' id='word_1_384' title='bbox 1361 3517 1406 3591; x_wconf 83' lang='lat' dir='ltr'><strong>(R.</strong></span> <span class='ocrx_word' id='word_1_385' title='bbox 1424 3515 1465 3574; x_wconf 81' lang='lat' dir='ltr'><strong>sl.</strong></span> <span class='ocrx_word' id='word_1_386' title='bbox 1480 3534 1509 3592; x_wconf 91' lang='lat' dir='ltr'><strong>p.</strong></span> <span class='ocrx_word' id='word_1_387' title='bbox 1521 3517 1577 3578; x_wconf 74' lang='lat'><strong>370</strong></span> <span class='ocrx_word' id='word_1_388' title='bbox 1592 3537 1617 3576; x_wconf 94' lang='lat' dir='ltr'><strong>u.</strong></span> <span class='ocrx_word' id='word_1_389' title='bbox 1632 3520 1662 3592; x_wconf 89' lang='lat' dir='ltr'><strong>l),</strong></span> 
     </span>
     <span class='ocr_line' id='line_1_35' title="bbox 319 3611 1663 3690; baseline -0.001 -19"><span class='ocrx_word' id='word_1_390' title='bbox 319 3614 368 3690; x_wconf 86' lang='lat' dir='ltr'><strong>qui</strong></span> <span class='ocrx_word' id='word_1_391' title='bbox 390 3631 444 3690; x_wconf 88' lang='lat' dir='ltr'><strong>pro</strong></span> <span class='ocrx_word' id='word_1_392' title='bbox 470 3633 488 3669; x_wconf 90' lang='lat' dir='ltr'><strong>a</strong></span> <span class='ocrx_word' id='word_1_393' title='bbox 515 3613 619 3670; x_wconf 84' lang='lat' dir='ltr'><strong>duatus</strong></span> <span class='ocrx_word' id='word_1_394' title='bbox 637 3614 777 3687; x_wconf 77' lang='lat' dir='ltr'><strong>fratribus</strong></span> <span class='ocrx_word' id='word_1_395' title='bbox 807 3613 991 3670; x_wconf 87' lang='lat' dir='ltr'><strong>scribendum</strong></span> <span class='ocrx_word' id='word_1_396' title='bbox 1023 3628 1088 3670; x_wconf 89' lang='lat' dir='ltr'><strong>esse</strong></span> <span class='ocrx_word' id='word_1_397' title='bbox 1119 3611 1308 3670; x_wconf 86' lang='lat' dir='ltr'><strong>coniecerunt</strong></span> <span class='ocrx_word' id='word_1_398' title='bbox 1338 3621 1418 3688; x_wconf 78' lang='lat' dir='ltr'><strong>atque</strong></span> <span class='ocrx_word' id='word_1_399' title='bbox 1440 3613 1586 3690; x_wconf 74' lang='lat' dir='ltr'><strong>scaptiae,</strong></span> <span class='ocrx_word' id='word_1_400' title='bbox 1615 3631 1663 3672; x_wconf 90' lang='lat' dir='ltr'><strong>uec</strong></span> 
     </span>
     <span class='ocr_line' id='line_1_36' title="bbox 319 3705 1663 3784; baseline -0.002 -17"><span class='ocrx_word' id='word_1_401' title='bbox 319 3707 519 3767; x_wconf 81' lang='lat' dir='ltr'><strong>llirsclrscldio</strong></span> <span class='ocrx_word' id='word_1_402' title='bbox 540 3707 589 3783; x_wconf 90' lang='lat' dir='ltr'><strong>qui</strong></span> <span class='ocrx_word' id='word_1_403' title='bbox 612 3725 704 3784; x_wconf 89' lang='lat' dir='ltr'><strong>nuper</strong></span> <span class='ocrx_word' id='word_1_404' title='bbox 732 3707 817 3781; x_wconf 73' lang='lat' dir='ltr'><strong>(Gerr.</strong></span> <span class='ocrx_word' id='word_1_405' title='bbox 842 3707 990 3766; x_wconf 70' lang='lat' dir='ltr'><strong>Gallina</strong></span> <span class='ocrx_word' id='word_1_406' title='bbox 1015 3709 1087 3765; x_wconf 86' lang='grc'><strong>1869</strong></span> <span class='ocrx_word' id='word_1_407' title='bbox 1113 3723 1140 3781; x_wconf 92' lang='lat' dir='ltr'><strong>p.</strong></span> <span class='ocrx_word' id='word_1_408' title='bbox 1163 3707 1247 3780; x_wconf 81' lang='lat'>1502)</span> <span class='ocrx_word' id='word_1_409' title='bbox 1272 3705 1429 3782; x_wconf 83' lang='lat' dir='ltr'><strong>legendum</strong></span> <span class='ocrx_word' id='word_1_410' title='bbox 1455 3709 1609 3784; x_wconf 90' lang='lat' dir='ltr'><strong>proposuit</strong></span> <span class='ocrx_word' id='word_1_411' title='bbox 1634 3729 1663 3765; x_wconf 83' lang='lat' dir='ltr'><strong>ac</strong></span> 
     </span>
     <span class='ocr_line' id='line_1_37' title="bbox 318 3799 1662 3878; baseline 0.001 -18"><span class='ocrx_word' id='word_1_412' title='bbox 318 3807 395 3860; x_wconf 86' lang='lat' dir='ltr'><strong>nocis</strong></span> <span class='ocrx_word' id='word_1_413' title='bbox 409 3803 553 3878; x_wconf 68' lang='lat' dir='ltr'><strong>sulpitius:</strong></span> <span class='ocrx_word' id='word_1_414' title='bbox 576 3802 628 3859; x_wconf 91' lang='lat' dir='ltr'><strong>sed</strong></span> <span class='ocrx_word' id='word_1_415' title='bbox 650 3820 706 3877; x_wconf 86' lang='lat' dir='ltr'><strong>ego</strong></span> <span class='ocrx_word' id='word_1_416' title='bbox 727 3801 873 3860; x_wconf 87' lang='lat' dir='ltr'><strong>assentior</strong></span> <span class='ocrx_word' id='word_1_417' title='bbox 887 3801 1071 3858; x_wconf 89' lang='lat' dir='ltr'><strong>Mommsena</strong></span> <span class='ocrx_word' id='word_1_418' title='bbox 1087 3799 1227 3876; x_wconf 79' lang='lat' dir='ltr'><strong>(Cirrorzol.</strong></span> <span class='ocrx_word' id='word_1_419' title='bbox 1250 3799 1329 3858; x_wconf 82' lang='lat' dir='ltr'><strong>ed.2</strong></span> <span class='ocrx_word' id='word_1_420' title='bbox 1349 3818 1377 3876; x_wconf 93' lang='lat' dir='ltr'><strong>p.</strong></span> <span class='ocrx_word' id='word_1_421' title='bbox 1394 3800 1430 3860; x_wconf 75' lang='lat'><strong>70</strong></span> <span class='ocrx_word' id='word_1_422' title='bbox 1451 3820 1477 3860; x_wconf 91' lang='lat' dir='ltr'><strong>u.</strong></span> <span class='ocrx_word' id='word_1_423' title='bbox 1493 3805 1556 3878; x_wconf 71' lang='lat'>99⁸)</span> <span class='ocrx_word' id='word_1_424' title='bbox 1572 3821 1662 3862; x_wconf 89' lang='lat' dir='ltr'><strong>emea-</strong></span> 
     </span>
     <span class='ocr_line' id='line_1_38' title="bbox 319 3887 1662 3972; baseline 0.001 -18"><span class='ocrx_word' id='word_1_425' title='bbox 319 3896 468 3956; x_wconf 76' lang='lat' dir='ltr'><strong>strationem</strong></span> <span class='ocrx_word' id='word_1_426' title='bbox 491 3904 617 3954; x_wconf 86' lang='lat' dir='ltr'><strong>veterem</strong></span> <span class='ocrx_word' id='word_1_427' title='bbox 639 3897 740 3954; x_wconf 87' lang='lat' dir='ltr'><strong>tuenti.</strong></span> <span class='ocrx_word' id='word_1_428' title='bbox 782 3895 863 3956; x_wconf 86' lang='lat' dir='ltr'><strong>Satis</strong></span> <span class='ocrx_word' id='word_1_429' title='bbox 884 3887 973 3972; x_wconf 80' lang='lat' dir='ltr'><strong>igitur</strong></span> <span class='ocrx_word' id='word_1_430' title='bbox 992 3896 1109 3954; x_wconf 88' lang='lat' dir='ltr'><strong>videtur</strong></span> <span class='ocrx_word' id='word_1_431' title='bbox 1129 3894 1358 3954; x_wconf 85' lang='lat' dir='ltr'><strong>demonstratum</strong></span> <span class='ocrx_word' id='word_1_432' title='bbox 1380 3913 1445 3954; x_wconf 90' lang='lat' dir='ltr'><strong>esse</strong></span> <span class='ocrx_word' id='word_1_433' title='bbox 1465 3915 1552 3958; x_wconf 87' lang='lat' dir='ltr'><strong>sacra</strong></span> <span class='ocrx_word' id='word_1_434' title='bbox 1571 3899 1662 3958; x_wconf 87' lang='lat' dir='ltr'><strong>Arra·</strong></span> 
     </span>
     <span class='ocr_line' id='line_1_39' title="bbox 318 3989 1661 4051; baseline -0.001 -1"><span class='ocrx_word' id='word_1_435' title='bbox 318 3993 387 4050; x_wconf 90' lang='lat' dir='ltr'><strong>lium</strong></span> <span class='ocrx_word' id='word_1_436' title='bbox 408 3993 445 4051; x_wconf 87' lang='lat' dir='ltr'><strong>ab</strong></span> <span class='ocrx_word' id='word_1_437' title='bbox 467 3991 695 4050; x_wconf 76' lang='lat' dir='ltr'><strong>Ambarvalibus</strong></span> <span class='ocrx_word' id='word_1_438' title='bbox 718 4007 775 4048; x_wconf 92' lang='lat' dir='ltr'><strong>uon</strong></span> <span class='ocrx_word' id='word_1_439' title='bbox 797 3989 914 4048; x_wconf 88' lang='lat' dir='ltr'><strong>diversa</strong></span> <span class='ocrx_word' id='word_1_440' title='bbox 934 3991 1034 4049; x_wconf 86' lang='lat' dir='ltr'><strong>luisse.</strong></span> <span class='ocrx_word' id='word_1_441' title='bbox 1064 3991 1151 4048; x_wconf 88' lang='lat' dir='ltr'><strong>Licet</strong></span> <span class='ocrx_word' id='word_1_442' title='bbox 1164 3993 1260 4048; x_wconf 86' lang='lat' dir='ltr'><strong>autem</strong></span> <span class='ocrx_word' id='word_1_443' title='bbox 1281 3989 1310 4048; x_wconf 89' lang='lat' dir='ltr'><strong>iu</strong></span> <span class='ocrx_word' id='word_1_444' title='bbox 1331 3991 1560 4051; x_wconf 87' lang='lat' dir='ltr'><strong>Ambarvalibus</strong></span> <span class='ocrx_word' id='word_1_445' title='bbox 1575 3991 1661 4050; x_wconf 88' lang='lat' dir='ltr'><strong>Ceres</strong></span> 
     </span>
     <span class='ocr_line' id='line_1_40' title="bbox 320 4083 1661 4164; baseline 0.001 -20"><span class='ocrx_word' id='word_1_446' title='bbox 320 4087 471 4164; x_wconf 84' lang='lat' dir='ltr'><strong>paullatim</strong></span> <span class='ocrx_word' id='word_1_447' title='bbox 491 4086 595 4144; x_wconf 86' lang='lat' dir='ltr'><strong>Martis</strong></span> <span class='ocrx_word' id='word_1_448' title='bbox 615 4086 710 4144; x_wconf 91' lang='lat' dir='ltr'><strong>locum</strong></span> <span class='ocrx_word' id='word_1_449' title='bbox 732 4083 897 4159; x_wconf 84' lang='lat' dir='ltr'><strong>obtinuerit,</strong></span> <span class='ocrx_word' id='word_1_450' title='bbox 919 4085 956 4143; x_wconf 86' lang='lat' dir='ltr'><strong>ab</strong></span> <span class='ocrx_word' id='word_1_451' title='bbox 972 4085 1132 4144; x_wconf 89' lang='lat' dir='ltr'><strong>Arvalibus</strong></span> <span class='ocrx_word' id='word_1_452' title='bbox 1148 4101 1216 4142; x_wconf 89' lang='lat' dir='ltr'><strong>vera</strong></span> <span class='ocrx_word' id='word_1_453' title='bbox 1238 4101 1291 4158; x_wconf 90' lang='lat' dir='ltr'><strong>pro</strong></span> <span class='ocrx_word' id='word_1_454' title='bbox 1311 4083 1417 4144; x_wconf 85' lang='lat' dir='ltr'><strong>Cerere</strong></span> <span class='ocrx_word' id='word_1_455' title='bbox 1439 4085 1496 4144; x_wconf 87' lang='lat' dir='ltr'><strong>dea</strong></span> <span class='ocrx_word' id='word_1_456' title='bbox 1516 4086 1575 4145; x_wconf 88' lang='lat' dir='ltr'><strong>Dia</strong></span> <span class='ocrx_word' id='word_1_457' title='bbox 1588 4087 1661 4145; x_wconf 85' lang='lat' dir='ltr'><strong>culta</strong></span> 
     </span>
     <span class='ocr_line' id='line_1_41' title="bbox 320 4178 1661 4258; baseline 0.002 -22"><span class='ocrx_word' id='word_1_458' title='bbox 320 4181 368 4254; x_wconf 81' lang='lat' dir='ltr'><strong>sit,</strong></span> <span class='ocrx_word' id='word_1_459' title='bbox 388 4197 422 4238; x_wconf 92' lang='lat' dir='ltr'><strong>no</strong></span> <span class='ocrx_word' id='word_1_460' title='bbox 443 4181 472 4238; x_wconf 93' lang='lat' dir='ltr'><strong>iu</strong></span> <span class='ocrx_word' id='word_1_461' title='bbox 493 4179 594 4238; x_wconf 90' lang='lat' dir='ltr'><strong>horum</strong></span> <span class='ocrx_word' id='word_1_462' title='bbox 622 4179 740 4258; x_wconf 88' lang='lat' dir='ltr'><strong>quidem</strong></span> <span class='ocrx_word' id='word_1_463' title='bbox 767 4179 858 4237; x_wconf 88' lang='lat' dir='ltr'><strong>sacris</strong></span> <span class='ocrx_word' id='word_1_464' title='bbox 885 4179 988 4238; x_wconf 86' lang='lat' dir='ltr'><strong>llurtis</strong></span> <span class='ocrx_word' id='word_1_465' title='bbox 1016 4178 1154 4238; x_wconf 90' lang='lat' dir='ltr'><strong>memoria</strong></span> <span class='ocrx_word' id='word_1_466' title='bbox 1176 4180 1291 4254; x_wconf 89' lang='lat' dir='ltr'><strong>penitus</strong></span> <span class='ocrx_word' id='word_1_467' title='bbox 1312 4180 1433 4255; x_wconf 89' lang='lat' dir='ltr'><strong>interiit,</strong></span> <span class='ocrx_word' id='word_1_468' title='bbox 1465 4199 1530 4238; x_wconf 87' lang='lat' dir='ltr'><strong>aum</strong></span> <span class='ocrx_word' id='word_1_469' title='bbox 1550 4197 1661 4241; x_wconf 86' lang='lat' dir='ltr'><strong>carmen</strong></span> 
     </span>
     <span class='ocr_line' id='line_1_42' title="bbox 320 4273 1660 4353; baseline 0.001 -22"><span class='ocrx_word' id='word_1_470' title='bbox 320 4275 567 4352; x_wconf 78' lang='lat' dir='ltr'><strong>antiquissimum,</strong></span> <span class='ocrx_word' id='word_1_471' title='bbox 593 4275 672 4353; x_wconf 93' lang='lat' dir='ltr'><strong>quod</strong></span> <span class='ocrx_word' id='word_1_472' title='bbox 700 4273 882 4349; x_wconf 88' lang='lat' dir='ltr'><strong>tripodurrtes</strong></span> <span class='ocrx_word' id='word_1_473' title='bbox 909 4275 1034 4332; x_wconf 89' lang='lat' dir='ltr'><strong>Arvales</strong></span> <span class='ocrx_word' id='word_1_474' title='bbox 1062 4273 1184 4333; x_wconf 82' lang='lat' dir='ltr'><strong>vidimus</strong></span> <span class='ocrx_word' id='word_1_475' title='bbox 1211 4273 1335 4334; x_wconf 86' lang='lat' dir='ltr'><strong>insede</strong></span> <span class='ocrx_word' id='word_1_476' title='bbox 1357 4274 1429 4333; x_wconf 85' lang='lat' dir='ltr'><strong>deae</strong></span> <span class='ocrx_word' id='word_1_477' title='bbox 1451 4275 1525 4334; x_wconf 89' lang='lat' dir='ltr'><strong>Diae</strong></span> <span class='ocrx_word' id='word_1_478' title='bbox 1547 4276 1660 4346; x_wconf 83' lang='lat' dir='ltr'><strong>dixisse,</strong></span> 
     </span>
     <span class='ocr_line' id='line_1_43' title="bbox 318 4367 971 4448; baseline -0.003 -20"><span class='ocrx_word' id='word_1_479' title='bbox 318 4388 427 4444; x_wconf 82' lang='lat' dir='ltr'><strong>magua</strong></span> <span class='ocrx_word' id='word_1_480' title='bbox 448 4389 483 4428; x_wconf 83' lang='lat' dir='ltr'><strong>cx</strong></span> <span class='ocrx_word' id='word_1_481' title='bbox 505 4379 588 4448; x_wconf 90' lang='lat' dir='ltr'><strong>parte</strong></span> <span class='ocrx_word' id='word_1_482' title='bbox 610 4370 648 4429; x_wconf 92' lang='lat' dir='ltr'><strong>ad</strong></span> <span class='ocrx_word' id='word_1_483' title='bbox 670 4371 796 4429; x_wconf 84' lang='lat' dir='ltr'><strong>Martem</strong></span> <span class='ocrx_word' id='word_1_484' title='bbox 817 4367 971 4442; x_wconf 86' lang='lat' dir='ltr'><strong>pertineat.</strong></span> 
     </span>
    </p>
   </div>
   <div class='ocr_carea' id='block_1_3' title="bbox 793 4637 1209 4647">
    <p class='ocr_par' dir='ltr' id='par_1_4' title="bbox 793 4637 1209 4647">
     <span class='ocr_line' id='line_1_44' title="bbox 793 4637 1209 4647; baseline -0.002 -2"><span class='ocrx_word' id='word_1_485' title='bbox 793 4637 1209 4647; x_wconf 60' lang='grc' dir='ltr'><strong>ψ-</strong></span> 
     </span>
    </p>
   </div>
   <div class='ocr_carea' id='block_1_4' title="bbox 0 0 1793 5588">
    <p class='ocr_par' dir='ltr' id='par_1_5' title="bbox 0 0 1793 5588">
     <span class='ocr_line' id='line_1_45' title="bbox 0 0 1793 5588; baseline 0 0"><span class='ocrx_word' id='word_1_486' title='bbox 0 0 1793 5588; x_wconf 95' lang='lat' dir='ltr'><strong> </strong></span> 
     </span>
    </p>
   </div>
  </div>
 </body>
</html>
