3592 5598
621 427 764 484 SacrificIa
783 427 1007 483 extraordinaria.
1443 429 1482 496 79

138 603 242 658 manae
272 619 358 678 repon
386 605 491 678 mapuis
516 603 761 678 pollicitationibus
789 603 973 672 sollicitatum,
1002 621 1062 660 cum
1086 603 1218 662 dubitata
1235 621 1287 679 per
1306 604 1421 660 adetum
1441 602 1484 658 dis

138 704 292 753 ostensurus
308 697 412 772 populo
429 707 545 773 propter
568 699 687 756 nubilum
711 699 864 766 distulisset,
889 698 1023 772 producit
1051 716 1103 772 quc
1134 701 1358 774 opportunissime
1384 701 1482 772 potuit,

138 791 275 864 dispositis
293 794 368 848 circa
387 792 442 851 iuri
461 793 562 867 templo
581 797 695 852 armatis
713 793 875 861 cohortibus,
901 793 988 850 curuli
1015 794 1134 850 residens
1163 793 1241 867 apud
1267 800 1360 850 rastra
1389 794 1481 848 trium·
1527 839 1528 842 ,

136 885 248 960 phontis
265 885 359 942 teitu
377 889 448 942 inter
466 889 545 962 sipna
563 889 696 945 militaria
715 897 796 962 atquc
814 887 922 957 uexilla,
942 897 967 944 et
983 891 1102 962 primum
1120 905 1171 962 per
1194 887 1321 942 dsuetum
1347 887 1483 961 pulpitum

137 979 289 1037 ntbeuruem
308 981 416 1038 admidt
436 983 475 1038 ad
491 1002 579 1058 pcnua
599 985 805 1056 fflcuotumpee
824 983 921 1038 deutra
940 982 1107 1038 exosculatus
1121 991 1167 1056 est,
1187 982 1249 1038 dein
1264 983 1391 1056 precanti
1409 983 1484 1035 tiara

138 1075 256 1132 deductu
285 1075 413 1133 mammo
443 1079 570 1152 inposuit,
598 1077 681 1134 acrba
709 1077 839 1152 supplicis
871 1080 1051 1150 interpretata
1076 1081 1220 1152 praetorio
1238 1079 1298 1133 uiro
1317 1075 1483 1132 multitudini

136 1171 346 1244 proumMante5
359 1169 522 1244 perductum
542 1173 636 1229 deinde
654 1176 682 1228 in
703 1171 835 1244 theatrum
858 1189 891 1227 aa
911 1188 1005 1227 curuis
1029 1172 1224 1246 supplicantem
1248 1174 1325 1227 iuxta
1348 1187 1375 1225 sc
1399 1169 1484 1224 latere

138 1263 233 1321 dertro
257 1266 418 1322 conlocauit.
459 1265 500 1322 Ob
520 1283 589 1339 quac
613 1270 763 1342 imperator
787 1265 971 1324 consalutatus
996 1265 1092 1322 laurea
1115 1269 1144 1321 in
1165 1265 1328 1341 Capitolium
1354 1263 1413 1320 lata
1432 1263 1482 1320 la-

136 1377 201 1414 num
219 1361 352 1434 paninum
371 1359 469 1417 clausit
488 1369 544 1418 tom
562 1361 638 1418 nullo
659 1380 740 1436 quam
759 1363 867 1419 residuo
888 1359 964 1416 bello.
1008 1358 1055 1417 (ll.
1070 1359 1127 1417 Dio
1142 1361 1189 1430 63,
1215 1361 1228 1416 l
1251 1375 1333 1436 seqq.
1364 1357 1482 1434 Suppli-

137 1451 270 1510 cationes
289 1451 425 1529 triumphi
446 1455 655 1531 praerogatiua
673 1475 690 1514 a
711 1455 853 1516 Cicerone
874 1454 924 1526 (ad
935 1456 1007 1528 jain.
1030 1455 1074 1527 15,
1096 1454 1126 1528 5)
1156 1452 1300 1526 dicuntur,
1329 1469 1364 1511 ae
1395 1467 1484 1526 saepe

138 1557 400 1606 commemorantur
420 1565 477 1606 una
497 1567 560 1608 cum
581 1550 726 1626 triumpho
748 1550 982 1624 ornamentisque
1010 1545 1234 1623 triumphalibus
1266 1547 1314 1620 (ci.
1338 1545 1484 1621 Borghesi

137 1641 212 1700 Anu.
225 1644 284 1702 inst.
305 1643 372 1698 arch
393 1643 466 1701 1846
486 1661 515 1718 p.
536 1647 603 1718 324,
624 1665 687 1721 opp.
708 1648 726 1704 5
746 1663 774 1721 p.
791 1647 841 1716 313
868 1644 1030 1700 Mommsen
1053 1661 1096 1700 res
1121 1651 1211 1718 poetae
1227 1641 1262 1698 D.
1278 1641 1348 1718 Anp.
1364 1660 1392 1718 p.
1406 1640 1481 1716 118).

141 1733 217 1794 Cum
237 1751 307 1793 roro
336 1753 389 1811 per
418 1737 516 1812 plures
541 1737 603 1796 dies
634 1739 695 1796 fieri
726 1740 854 1797 solerent
885 1735 962 1810 (Cic.
984 1739 1205 1812 depraecans.
1229 1735 1410 1809 11,26.2t;
1446 1735 1483 1794 ci.

135 1831 297 1888 Mommsen
318 1829 336 1887 l.
358 1831 406 1904 a),
438 1831 538 1889 mirum
565 1849 621 1890 nou
651 1850 704 1908 est,
737 1831 815 1912 qnod
847 1831 907 1890 alio
938 1830 984 1888 die
1006 1831 1132 1890 Annales
1154 1831 1192 1888 ob
1213 1831 1335 1903 laurum,
1365 1831 1423 1888 alio
1444 1829 1482 1888 ob

138 1925 370 2002 supplicationes
391 1925 611 1986 immolaverint.
647 1927 721 1986 Item
743 1927 822 2004 quod
843 1925 887 1983 bis
909 1931 1149 1984 commemoratur
1170 1924 1343 1984 sacrificium
1363 1925 1402 1983 cb
1422 1910 1483 1982 lhu-

137 2036 199 2078 rnm
229 2017 348 2092 lactum,
377 2017 606 2096 intellegendum
630 2029 676 2080 est
695 2021 817 2080 dirersis
847 2020 921 2079 locis
952 2019 1174 2098 numinibusque
1204 2017 1327 2079 dirersis
1356 2019 1483 2080 Arvales

138 2113 314 2172 immolasse.

139 2223 225 2312 [aba]
492 2227 595 2306 lupide
615 2228 719 2307 fracto
742 2227 886 2309 deficiunt
907 2237 936 2292 ct
958 2231 1024 2292 dies
1046 2237 1074 2291 ct
1095 2247 1192 2290 causa
1213 2231 1308 2290 eccm.

138 2325 225 2416 [aaa]
491 2329 556 2394 llll
579 2327 649 2394 idus
670 2327 890 2416 Ilanluarias)]
922 2329 1051 2416 adoptio
1075 2330 1161 2394 iacta
1187 2329 1223 2393 L.
1247 2327 1414 2417 Li[oiniani
1433 2328 1482 2412 ¹)]:

527 2443 637 2513 postea
662 2437 810 2514 scriptum
838 2443 881 2496 cst
902 2437 962 2497 sic:
997 2431 1049 2518 [ob
1072 2429 1300 2518 adloptionelm
1323 2431 1391 2498 Ser.
1413 2431 1482 2498 Sul·

499 2625 501 2628 Ι
528 2534 590 2619 pici
613 2533 749 2622 Gallbaa
772 2533 954 2623 C[aesaris].

486 2637 503 2702 ¹)
523 2639 619 2704 scripsi
641 2637 672 2690 lt,
693 2639 860 2706 Li[ciniaui]‚
889 2643 953 2708 quia
976 2641 1067 2706 plures
1095 2639 1199 2690 litteras
1226 2657 1341 2690 marmor·
1363 2657 1416 2690 non
1435 2641 1482 2690 ad·

519 2711 614 2760 mitris
632 2708 713 2770 tBull.
734 2711 795 2762 inst.
815 2712 887 2764 arch.
902 2711 969 2764 1869
990 2727 1018 2778 p.
1040 2711 1094 2774 92),
1124 2727 1281 2776 quamquam
1299 2710 1372 2762 baud
1390 2711 1482 2777 ipnorc

535 2795 628 2830 nomen
653 2781 818 2848 pentilicium
844 2783 1022 2847 praetermitti
1048 2798 1101 2831 non
1127 2780 1254 2831 debuisse.
1290 2781 1327 2832 Et
1352 2791 1419 2832 recte
1442 2797 1482 2832 me

527 2851 628 2917 secisse
646 2852 760 2917 inspecta
773 2862 864 2920 ectypo
878 2851 1053 2904 Mommsenus
1071 2867 1170 2919 quoque
1183 2853 1325 2902 concessit:
1344 2854 1378 2920 ef.
1397 2851 1482 2917 Ephe·

536 2923 614 2972 meris
634 2923 715 2990 epipr.
736 2919 795 2991 lp.
815 2919 874 2985 148,
895 2923 918 2975 1.
1012 2919 1016 2926 ⁴

210 3039 255 3098 De
275 3039 310 3098 L.
333 3038 494 3115 Calpurnio
513 3038 623 3098 Pisone
646 3041 736 3114 Frugi
759 3043 914 3102 Liciniano
945 3041 1088 3118 adoptato
1118 3040 1256 3101 aGalba
1275 3045 1413 3116 Augusto
1444 3043 1481 3101 cl.

137 3134 316 3193 Plutarchus
348 3133 428 3193 aaa.
459 3133 496 3190 23
526 3141 556 3192 et
586 3135 708 3194 Tacitus
729 3138 788 3196 hist.
812 3140 836 3210 l,
860 3139 903 3212 14,
936 3155 1056 3214 quorum
1086 3137 1135 3195 ille
1165 3135 1236 3194 dicit
1256 3133 1406 3210 Κράσσου
1433 3133 1484 3193 καὶ

134 3226 325 3302 Σκριβωνίας
345 3221 475 3304 ἔκγονον,
498 3221 551 3295 οὓς
572 3228 680 3304 Νέρων
701 3225 851 3308 ἀνῃρήκει,
874 3231 920 3289 hic
940 3232 1008 3289 item
1029 3231 1071 3290 M.
1086 3231 1198 3290 Crasso
1219 3229 1335 3306 quidem
1356 3236 1386 3288 eh
1405 3229 1482 3288 Scri·

134 3321 224 3380 bunia
243 3322 372 3396 genitum
392 3321 532 3397 appellat,
556 3321 698 3382 Crassum
718 3329 816 3383 nutem
836 3342 855 3384 a
874 3324 994 3384 Nerone
1013 3325 1143 3384 occisum
1164 3325 1283 3382 tratrem
1302 3324 1364 3383 cius
1390 3325 1481 3382 luisse

134 3423 236 3476 uenat
255 3417 285 3490 (l.
306 3434 331 3475 o.
352 3417 416 3490 ta):
446 3414 482 3473 de
509 3433 617 3490 genere
648 3419 710 3476 eius
731 3427 762 3476 et
788 3419 953 3478 nominibus
980 3419 1016 3477 ci.
1037 3419 1198 3477 Mommsen
1218 3419 1378 3494 Ephemeris
1397 3421 1481 3495 epipr.

135 3510 151 3568 Ι
172 3528 201 3584 p.
225 3512 286 3570 148.
305 3541 345 3552 -
365 3509 411 3570 De
432 3509 591 3585 adoptione
611 3514 678 3589 ipsa
697 3515 733 3573 ci.
756 3512 827 3572 Tac.
849 3514 868 3571 l.
890 3531 914 3572 e.
937 3515 1056 3572 14-19.

133 3622 195 3686 69h
504 3621 680 3708 k(alandis)
703 3623 855 3710 hlartliis)
878 3663 918 3671 —
941 3623 981 3689 ob
1003 3625 1127 3689 laurum
1149 3623 1296 3706 positam.

216 3739 263 3800 Cf.
285 3741 359 3802 Tac.
378 3743 437 3799 hest.
460 3745 485 3816 1,
507 3739 556 3800 79:
577 3748 710 3800 canemus
729 3748 769 3802 ad
789 3745 866 3802 ciuile
885 3745 981 3802 bellum
1001 3747 1098 3800 areimis
1117 3754 1225 3801 aeterua
1244 3748 1301 3802 sine
1320 3761 1387 3800 ctera
1403 3743 1482 3800 habe·

134 3837 242 3894 bantur.
263 3856 294 3894 eo
314 3838 453 3895 audentius
463 3838 619 3895 Rhoxolani
636 3841 794 3898 Sarrnatica
812 3859 877 3915 peris
892 3841 988 3914 priore
1007 3839 1091 3894 hicme
1107 3841 1191 3896 cuens
1203 3840 1308 3896 duobus
1322 3839 1483 3906 cohortibus,

131 3949 234 4006 maprea
252 3949 299 4006 spe
318 3932 358 3987 ad
378 3933 510 3990 siloesiam
528 3935 698 4008 inruperant,
717 3953 812 3990 nouem
830 3935 908 3990 utilia
921 3937 1037 4008 equitum
1057 3952 1088 3989 es
1100 3935 1210 4007 faccia
1224 3943 1250 3990 et
1261 3951 1381 3990 successu
1396 3951 1480 4007 prac-

131 4027 186 4082 dae
214 4028 301 4101 mapis
321 4045 402 4100 queam
426 4045 538 4101 pupieno
566 4030 670 4084 intenta
685 4074 690 4086 .
705 4031 787 4104 ipitur
806 4046 891 4102 capos
920 4037 946 4084 et
963 4030 1112 4086 incuriosos
1141 4031 1221 4083 tertia
1248 4027 1316 4102 lepio
1346 4027 1482 4083 adiunctis

131 4119 241 4176 ausiliis
259 4129 366 4194 repente
384 4123 503 4176 incant.
520 4123 597 4196 apud
616 4123 756 4180 Romanos
775 4125 865 4179 omnia
880 4121 988 4195 proelia
1012 4130 1095 4194 apta:
1125 4123 1273 4181 §arrectae
1292 4117 1414 4196 dispcrsi
1434 4127 1481 4178 aut

131 4215 257 4289 cupidine
275 4215 398 4290 praedae
415 4231 513 4290 praeca
533 4235 611 4273 onere
629 4219 800 4273 sarcinarum
820 4225 845 4272 et
865 4214 966 4272 lubrico
986 4217 1110 4272 itinerum
1123 4217 1252 4292 adernpta
1272 4235 1399 4292 equorum
1415 4235 1479 4290 per-

129 4311 241 4366 nicitate
259 4309 331 4366 vehet
348 4312 431 4366 cincti
450 4311 630 4368 caedebantur
650 4356 777 4370 ......
796 4312 881 4367 dorice
896 4311 991 4384 pomi,
1015 4313 1061 4384 qui
1075 4309 1184 4383 proelio
1208 4313 1409 4386 amusement,
1424 4327 1478 4386 pa·

130 4401 238 4459 ludibus
256 4401 426 4461 abderentur.
446 4405 484 4460 ibi
503 4407 617 4462 saeuitia
637 4405 728 4462 hiemis
753 4403 790 4480 [et
808 4403 846 4480 ci]
871 4405 1008 4461 uulnerum
1028 4403 1162 4478 absunrpti
1182 4449 1189 4462 .
1206 4415 1354 4482 postquam
1373 4405 1404 4462 id
1422 4405 1479 4460 Ro·

130 4514 192 4552 mae
218 4506 390 4571 compertum,
414 4498 457 4555 M.
478 4497 603 4573 Aponius
622 4501 756 4557 Moesiam
782 4499 901 4556 chtirsens
925 4499 1082 4574 triumphali
1107 4507 1208 4567 statuo,
1229 4499 1332 4558 Fuluus
1354 4501 1481 4557 Aurelium

131 4599 158 4647 et
176 4590 303 4648 luteum
329 4591 416 4647 Titiets
439 4609 473 4647 ac
493 4595 632 4649 Numisius
651 4594 748 4674 Lupus
773 4595 855 4668 lopati
882 4593 1013 4667 lupianum
1038 4591 1223 4650 consularibus
1248 4599 1412 4652 arriomeutis
1431 4594 1478 4652 dc·

128 4694 241 4754 nantia,
261 4685 332 4743 hieto
353 4685 457 4743 Othonia
476 4695 500 4743 et
518 4687 635 4762 plor-iane
659 4691 689 4743 in
708 4706 736 4745 sc
755 4688 885 4756 trahente,
911 4696 1051 4762 tamquam
1075 4695 1100 4742 ot
1122 4691 1180 4762 ipse
1198 4689 1270 4762 felis
1294 4688 1362 4746 bello
1382 4698 1408 4745 et
1425 4691 1480 4745 suis

129 4780 242 4837 ducibrts
260 4784 365 4858 mispte
386 4780 613 4840 coactitium
630 4783 769 4858 publicam
790 4784 914 4840 amasset.

129 4923 217 5016 [tat]
474 4928 575 4998 tracto
598 4929 703 5009 lapido
728 4930 831 5010 deficit
853 4931 934 4992 dics.-
956 4927 995 4993 ob
1019 4927 1102 4994 diem
1127 4927 1201 5017 [quo
1224 4927 1334 4994 urbem
1356 4927 1476 5010 ingres·

519 5049 572 5096 sus
595 5035 643 5098 est
665 5029 865 5116 impteretur)
888 5029 1019 5112 0]aesar
1038 5031 1254 5118 Vespasianus
1274 5029 1476 5118 Aug(ustns).
