3644 5592
814 355 845 410 C.
866 355 977 410 Caesar.

161 551 193 590 re
224 529 344 593 Taurus
366 530 509 594 Statilius
532 532 682 596 Coruinus
702 530 913 613 promugister
936 529 1063 611 collegii
1087 526 1220 594 fratrum
1244 530 1410 597 Arvalium

165 646 195 687 ¹⁵
266 637 386 698 nomiae
407 655 534 698 oacrum
557 636 599 698 ud
621 654 710 698 aram
734 633 961 701 Providentiae
984 633 1150 716 Augustae

264 739 433 804 inmutauit.

221 841 390 922 adsuerunt
420 843 546 906 Paullus
574 841 688 906 Fabius
715 844 872 920 Persicus,
899 843 938 906 M.
968 843 1080 908 Furius
1110 839 1278 924 Camillus,
1311 839 1436 925 Appius
1463 838 1575 905 Iunius

1428 942 1576 1049 ›Silanua

1435 1031 1578 1045 --

275 1053 353 1126 Ser.
389 1053 511 1126 Asiuio
546 1053 685 1148 Celere,
729 1057 772 1127 A.
805 1054 993 1146 (?Seu.?)
1024 1049 1142 1125 Nonio
1176 1047 1422 1138 Quinotiliano
1456 1049 1517 1151 eo(
1543 1047 1576 1151 )·

265 1299 365 1370 utute)
388 1293 498 1369 (diem)
522 1345 752 1361 ........
1102 1365 1103 1369 Ἰ

167 1411 199 1446 ²⁰
226 1400 347 1463 Taurus
367 1398 510 1462 Statilius
533 1401 683 1464 Coruinus
703 1401 911 1481 promupister
933 1399 1055 1481 collegii
1078 1398 1211 1464 fratrum
1233 1398 1400 1464 Arvalium

265 1504 387 1566 nomiae
412 1504 445 1564 iu
473 1503 627 1585 Capitolio
650 1504 688 1567 ob
712 1551 1006 1567 ..........
1036 1522 1109 1568 ures
1136 1502 1205 1568 Iovi
1234 1503 1383 1588 o(ptimo)
1411 1503 1579 1589 ma(ximo)

1305 1605 1431 1708 lbovem
1458 1627 1578 1673 murem

264 1713 435 1776 inmolavit.
1105 1774 1113 1788 ,,

221 1815 392 1895 adfuerunt
414 1817 541 1880 Paullus
563 1815 678 1880 Fabius
699 1816 854 1890 Persicus,
878 1817 917 1880 M.
940 1817 1053 1879 Furius
1076 1815 1239 1899 Camillus,
1263 1815 1388 1901 Appius
1411 1815 1543 1881 Iuniusu

263 1919 401 1984 Silanus.

167 2035 197 2074 2⁵
268 2029 355 2099 a(ule
377 2025 488 2101 daem]
512 2071 711 2089 .......

223 2127 346 2190 Tuumrs
367 2127 510 2191 Statilius
533 2129 683 2192 Corvinus
704 2131 910 2210 proruapister
932 2128 1053 2210 cellapii
1075 2127 1207 2192 fratrum
1231 2127 1398 2193 Arvalium

264 2234 387 2294 nomiae
410 2279 868 2298 ...............
897 2251 1025 2296 uacuum
1048 2231 1223 2298 inmolavit.

222 2335 391 2416 adtulerunt
412 2337 540 2399 Paullus
562 2337 676 2400 Fabius
698 2339 849 2409 Persicus,
874 2336 913 2398 M.
937 2336 1049 2398 Ferrius
1074 2336 1232 2420 Camillae,
1253 2336 1379 2422 Appius

265 2439 374 2502 lunius
395 2441 532 2504 Silanus.

265 2549 366 2619 Male)
389 2543 500 2620 dsiem)
524 2591 787 2609 .........
804 2545 828 2628 ³)

224 2645 345 2710 Taurus
366 2647 510 2710 Statilius
533 2649 684 2711 Coruinus
704 2653 911 2731 promapister
934 2651 1055 2730 cellapii
1075 2650 1210 2730 fratrum
1234 2649 1401 2716 Arvalium

266 2753 388 2814 uomitus
411 2799 1025 2818 ....................
1049 2753 1158 2816 bovem
1181 2772 1301 2818 marem

267 2855 437 2920 inmolavit.

225 2957 394 3038 adfuerunt
415 2960 543 3022 Paullus
565 2959 680 3022 Fabius
703 2961 855 3036 Persicus,
877 2959 917 3021 M.
941 2960 1054 3022 Furius
1078 2961 1234 3037 Camillus,
1258 2959 1381 3045 Appius
1404 2959 1514 3025 Iunius

295 3129 479 3196 ²)coneulum
493 3131 604 3184 nomina
617 3131 725 3185 restitui
739 3149 773 3185 ex
786 3132 874 3185 Fron·
928 3131 974 3185 dio
998 3131 1108 3200 quidem
1133 3131 1244 3186 videtur
1266 3131 1387 3186 dubit-ari
1415 3133 1460 3185 vix
1484 3147 1578 3202 posse,

224 3221 285 3272 tino
303 3237 363 3287 aqu.
377 3219 429 3274 102
442 3218 486 3272 ed.
501 3217 647 3284 Biioheler,
667 3221 713 3289 qui
728 3235 763 3273 ex
777 3219 876 3274 codiee
928 3236 989 3274 uam
1013 3220 1117 3285 omnia,
1142 3237 1213 3290 ques
1239 3220 1274 3273 ad
1294 3220 1424 3274 familiam
1444 3220 1578 3290 principie

225 3307 358 3361 Casinate
378 3305 492 3360 exhibet
511 3306 565 3360 sie:
584 3307 700 3362 mauri
711 3310 812 3376 Aquita
830 3309 876 3361 Iu·
928 3309 1078 3379 pertinent,
1097 3311 1228 3363 accurate
1246 3307 1282 3360 ab
1301 3307 1447 3362 Arvalibus
1470 3307 1499 3361 iu
1517 3314 1589 3364 acta·

226 3397 298 3447 tiauo
326 3405 351 3447 et
373 3395 459 3447 Nouio
486 3395 634 3463 Asprenate
663 3399 812 3450 causalibus
839 3398 875 3448 Μ.
928 3395 1018 3450 relata
1041 3395 1110 3460 siut,
1139 3395 1271 3450 Claudius
1304 3400 1395 3449 autem
1423 3401 1508 3452 antee
1531 3414 1579 3452 us-

225 3483 336 3536 Poru'us
356 3481 434 3546 Gsslvt
458 3485 517 3536 truie
540 3487 662 3538 suueuia
682 3497 743 3556 post
766 3503 878 3538 mausum
929 3483 1038 3550 gleetue
1061 3501 1077 3536 a
1103 3483 1133 3537 G.
1158 3484 1279 3538 Caesare
1308 3483 1405 3538 consul
1430 3485 1521 3538 laetus
1544 3485 1579 3538 ad

225 3571 282 3625 Ser.
302 3572 393 3624 Asinio
411 3569 500 3624 Celere
520 3574 543 3622 A
562 3611 568 3624 .
584 3610 590 3625 .
609 3576 678 3625 tauto
700 3573 879 3636 Quinctilium
929 3575 1039 3642 tempus
1063 3575 1139 3625 certe
1163 3569 1314 3625 honorifice
1339 3571 1451 3626 babitus
1477 3573 1516 3626 sit
1534 3570 1581 3642 (cl.

226 3661 376 3714 annualibus
395 3661 426 3710 A.
446 3659 543 3711 Didius
563 3661 667 3714 uultu.
707 3660 777 3714 Ceto
795 3661 879 3728 igitur
930 3657 1177 3726 bluotmanat).
1215 3664 1251 3712 At
1275 3659 1356 3713 valde
1381 3659 1492 3714 dubium
1518 3677 1579 3713 nuru

228 3749 290 3802 iniit
312 3763 405 3802 euram
424 3763 554 3816 equarum
577 3765 672 3803 mense
693 3749 772 3802 Iunio
791 3765 816 3804 a.
835 3751 878 3814 38,
930 3747 1016 3801 Divus
1036 3763 1146 3817 quoque
1160 3747 1246 3801 Iulius
1266 3749 1351 3802 natali
1370 3764 1420 3802 suo
1434 3747 1580 3804 sacrificiis

228 3837 359 3908 deposuit
371 3835 415 3890 vel
433 3837 491 3889 vita
504 3835 614 3890 lanatus
635 3841 679 3890 est
697 3853 792 3891 mense
807 3838 877 3891 Iulio
931 3834 965 3887 ab
980 3834 1129 3888 Arvalibns
1144 3835 1303 3889 celebratus
1323 3837 1369 3902 eit,
1389 3851 1450 3890 oum
1469 3841 1496 3890 in
1509 3838 1580 3891 eatis

228 3926 292 3980 enni
319 3925 456 3988 eiusdem,
482 3941 533 3978 nee
559 3925 586 3978 in
614 3925 705 3979 verbis
731 3927 877 3996 quiequam
931 3921 1005 3976 nulle
1024 3923 1083 3976 eius
1108 3925 1211 3977 mentio
1231 3923 1285 3977 liat.
1323 3925 1476 3978 Praeterea
1498 3926 1581 3979 etium

229 4013 420 4083 corrigendum
432 4013 726 4084 praelereorruptelue
741 4015 878 4068 nominum
930 4009 1031 4063 natalis
1051 4009 1082 4063 C.
1097 4012 1226 4065 crassaris
1244 4011 1376 4080 Augusti,
1397 4012 1444 4082 qui
1463 4017 1508 4066 est
1525 4013 1581 4084 pri·

231 4101 419 4170 Quinctiliani.
553 4128 555 4132 ·
931 4096 976 4151 die
995 4096 1131 4152 kalendae
1152 4099 1332 4169 Septembres
1360 4101 1440 4166 (laet.
1458 4100 1535 4156 Vall.
1555 4105 1583 4155 et

298 4192 319 4257 ³)
338 4191 366 4243 iu
379 4190 561 4246 restituendis
577 4191 620 4259 ile,
635 4205 705 4259 quae
719 4193 879 4257 sequuntur,
931 4187 1027 4255 Pigb.;
1043 4185 1118 4242 Suet.
1134 4187 1189 4239 Cat.
1204 4190 1236 4250 S,-
1252 4191 1307 4241 etta
1322 4189 1453 4242 Oomuiadr'
1467 4191 1499 4244 10
1509 4196 1538 4244 et
1549 4193 1583 4256 1),
1656 4209 1659 4216 ·

231 4279 322 4350 paullo
346 4279 481 4332 audacius
506 4277 571 4332 olim
597 4281 724 4330 versutus
749 4293 807 4329 sum
833 4273 883 4342 (ull
932 4275 1467 4346 actisperscriptuslueritneoesseest.
1483 4277 1582 4344 Quam·

231 4366 399 4432 baluziana:
419 4367 446 4420 in
461 4351 542 4422 lestis
562 4367 634 4420 enim
649 4365 831 4418 Amiterninis
852 4371 880 4418 et
933 4364 1027 4416 obrem
1047 4361 1114 4415 licet
1131 4367 1235 4415 lautum
1256 4379 1310 4416 non
1330 4367 1433 4418 eertum
1458 4363 1495 4417 sit
1513 4363 1583 4417 duos

231 4455 394 4508 Antiatibus
413 4454 776 4524 camieriaepropouantur
794 4452 878 4508 uatuli
933 4449 1032 4504 saltem
1066 4449 1172 4504 uutules
1207 4449 1234 4503 in
1266 4451 1317 4505 bec
1349 4455 1427 4522 purte
1460 4456 1584 4505 uotorum

232 4543 293 4595 Divi
313 4542 376 4595 lulli
396 4559 418 4595 a,
439 4541 464 4593 d.
484 4541 539 4594 lIlI
559 4541 622 4594 idue
641 4541 724 4594 lulius
743 4539 789 4606 (cl.
809 4540 838 4594 C.
858 4541 879 4596 I.
932 4539 1054 4609 scriptos
1068 4537 1154 4592 fuisso
1174 4539 1246 4606 (auru
1267 4537 1311 4607 agi
1332 4537 1366 4591 de
1380 4539 1519 4592 natalibus
1538 4555 1584 4593 os·

230 4629 292 4684 L.l
313 4647 339 4702 p.
352 4631 406 4685 324
418 4629 577 4700 ausaausa
592 4627 773 4682 Valleueibus
789 4635 880 4682 auteur
934 4627 1075 4681 lebrandie
1100 4643 1207 4697 paneae
1232 4627 1314 4679 otiam
1340 4643 1410 4696 quae
1436 4633 1586 4698 supersunt

230 4719 327 4771 uatalb
350 4718 389 4772 Τι’,
405 4719 510 4772 Claudii
523 4718 675 4772 Germanici
692 4715 726 4770 ud
747 4715 881 4770 kalendas
933 4719 1057 4768 aetorum
1076 4715 1210 4785 reliquiae
1231 4714 1301 4768 sutis
1320 4713 1504 4784 significant),
1524 4731 1584 4769 oum

231 4807 375 4873 Augustas
389 4804 538 4860 adnotatus
552 4805 644 4870 sitlos.
657 4805 735 4860 Suet.
747 4805 840 4857 Gtuud.
852 4807 881 4872 23
934 4805 1043 4874 quinam
1069 4802 1170 4856 luerint
1196 4801 1378 4856 demonstrari
1398 4807 1531 4873 nequeat,
1557 4803 1584 4855 iu

232 4894 286 4946 Dio
298 4895 340 4958 60,
354 4895 391 4958 5),
411 4893 504 4946 borum
524 4893 633 4946 natales
652 4895 678 4946 iu
693 4897 757 4946 aeta
771 4909 880 4963 quoque
934 4893 1007 4944 notis
1027 4907 1076 4944 sos
1095 4889 1218 4943 indicere
1237 4907 1316 4958 quam
1338 4889 1364 4942 in
1384 4895 1489 4943 textum
1515 4889 1584 4944 reei-

201 4967 206 4978 ’
232 4980 371 5035 Arvalium
386 4979 490 5034 relatos
504 4997 567 5035 esse
582 4982 672 5052 posui.
700 4981 738 5034 Et
751 4979 785 5032 de
799 4980 880 5034 Clau·
933 4996 999 5050 pers
1019 4979 1108 5034 malui.
