3616 5584
817 347 1000 403 Domitianus.

135 493 170 546 ¹¹
198 513 217 552 ⁴
294 503 335 570 de
358 509 484 573 cernuis
507 511 614 576 inlutis
636 520 792 600 utquisque
814 525 913 584 rructis

195 613 213 634 ⁰
291 628 331 670 ex
355 609 578 680 Saturnalibus
598 623 707 698 priruis
729 626 762 684 iu
784 626 970 688 Saturnalia
990 631 1129 692 scarruda
1152 651 1287 696 aurnrunr
1308 641 1427 717 napis-

291 715 374 774 nun
400 713 555 802 iecerunt,
580 721 651 784 iteru
673 727 814 804 secarunt
837 775 1328 800 ................
1350 733 1514 821 dantineru,

290 813 399 896 ibique
414 817 438 900 ²)
461 821 492 884 iu
515 827 713 908 tetrastylunr
736 833 941 914 descidcruut,
964 835 1066 916 ibique
1088 839 1120 898 in
1142 841 1278 903 triclinia
1302 844 1524 918 discumbentes

291 937 360 982 curn
384 921 584 1010 steresibus)
602 927 626 1011 ³)
650 933 768 1014 epulati
797 943 878 1014 sunt,
894 939 937 1000 ad
958 941 1138 1019 raupistrurn
1159 943 1194 1003 L.
1225 944 1379 1008 Veratium
1402 949 1607 1026 Quadratum.

289 1029 363 1103 past
385 1027 497 1107 epulas
522 1030 687 1098 riciniatus
710 1040 848 1102 sulcatus
870 1061 938 1104 cum
960 1063 1079 1106 carana
1098 1049 1209 1125 pactili
1229 1069 1362 1114 rosacea
1384 1073 1472 1116 surn-

291 1133 377 1188 1nata
401 1150 499 1213 supra
522 1153 668 1199 carceres
693 1144 830 1204 escendit
853 1154 880 1205 et
902 1149 1021 1226 sipaum
1044 1147 1208 1230 qrrudripis
1230 1161 1258 1214 et
1280 1154 1387 1216 desul-

288 1228 410 1294 turibus
434 1233 528 1298 misit.
563 1239 767 1322 praesidente
790 1245 825 1309 L.
850 1247 969 1312 Maecia
992 1253 1135 1316 Postumo
1148 1257 1196 1330 (t)
1206 1255 1231 1326 ⁴)
1254 1260 1387 1322 uictores
1408 1264 1522 1342 patruis

289 1337 320 1393 et
343 1335 468 1400 eor-nnis
492 1341 654 1418 argenteis
678 1342 855 1433 lranaraait.
880 1353 985 1414 eadem
1008 1356 1059 1417 dic
1079 1357 1197 1420 Rornae
1220 1359 1310 1424 dorna
1333 1375 1409 1444 aput
1431 1371 1549 1448 eruptu-

289 1441 370 1500 trum
394 1439 429 1502 L.
453 1441 615 1507 Veratiurn
639 1445 837 1524 Quadratum
861 1455 975 1538 idem⁸)
998 1461 1049 1539 qui
1072 1463 1103 1522 in
1127 1463 1196 1526 luca
1220 1477 1379 1530 acuerunt.

242 1536 329 1600 XIII
351 1538 539 1626 ktalendas)
561 1547 671 1612 Iunias
695 1552 727 1615 in
752 1553 846 1618 dame
870 1565 948 1642 aput
969 1561 1155 1642 magistrum
1178 1567 1213 1628 L.
1240 1569 1394 1632 Veratiurn
1411 1573 1604 1649 Quadratum
1639 1619 1683 1657 M„
1702 1621 1727 1660 20

290 1639 404 1706 tratres
428 1644 563 1710 Arvales
587 1651 628 1714 ad
652 1663 934 1724 consummandum
956 1668 1145 1749 sacrificium
1168 1671 1245 1733 deae
1269 1673 1348 1736 Dr'ae
1371 1691 1521 1743 cenarunt

288 1749 318 1806 et
341 1744 421 1810 inter
444 1767 553 1814 cetram
578 1753 612 1817 L.
637 1755 785 1823 Veratius
810 1761 991 1840 Quadratus
1013 1775 1188 1850 nunptister)
1212 1820 1474 1844 .........

290 1845 323 1908 Ρ.
348 1849 520 1916 Sallustius
544 1855 688 1942 Blaesus,
713 1861 747 1924 L.
773 1863 945 1950 Pompeius
975 1873 1123 1953 Vopiscus
1146 1878 1315 1942 Arruntius
1337 1883 1444 1946 Catel-

290 1949 351 2014 lius
375 1951 476 2038 Celer,
503 1957 536 2022 L.
561 1961 662 2026 Iulius
685 1965 827 2032 lilarinus
844 1969 1000 2038 Caecilius
1016 1978 1155 2059 Siruplea
1169 1980 1193 2064 ⁶)
1216 1991 1284 2044 tura
1307 1993 1335 2046 et
1357 1989 1429 2051 aino
1452 1989 1603 2077 iecerunt,

749 2067 1011 2169 'nrinIstrantibus
1035 2085 1144 2164 praesis
1164 2089 1309 2165 patrimis
1332 2099 1360 2151 et
1381 2096 1534 2158 matrinis
1557 2099 1605 2159 is-

285 2154 357 2220 dem
381 2159 434 2240 qui
459 2163 535 2228 XVI
558 2164 745 2256 k(alendas)
769 2176 891 2260 Iunias,
920 2187 951 2244 ct
973 2181 1082 2265 fruges
1106 2187 1221 2252 libatas
1243 2194 1490 2260 ministrantibus
1512 2201 1605 2263 Irata-

284 2261 407 2324 taribus
430 2269 461 2326 et
483 2265 620 2348 publicis
644 2276 733 2356 pueri
757 2277 930 2366 ricinIati⁷)
951 2295 1143 2368 praetextati
1166 2298 1209 2358 ad
1231 2319 1319 2361 ararn
1342 2311 1442 2364 retru-

283 2362 395 2428 lerunt.
440 2367 643 2454 lampadibus
667 2376 804 2444 incensis
828 2390 1007 2453 tuscanicae
1031 2399 1230 2478 corstiperuut,
1255 2423 1332 2484 qrras

283 2485 341 2548 per
364 2467 528 2535 kalatares
552 2473 699 2543 dumibus
723 2482 790 2546 suis
815 2487 975 2557 miserunt.

237 2568 284 2658 Q.
316 2571 463 2648 Valeria
492 2576 648 2676 Veget0,
678 2583 718 2658 P.
747 2587 883 2668 Metilia
912 2599 1187 2711 secuturarum)
1217 2615 1484 2708 consimilibus)
1521 2689 1525 2698 ,

475 2695 482 2714 fl

166 2721 201 2758 2:-
394 2698 531 2799 nornis)
560 2699 862 2813 Naiveurbribus)

284 2813 469 2892 magisteria
494 2817 625 2903 (altera)
650 2824 684 2887 L.
710 2826 816 2893 Verati
842 2831 997 2910 Quadrati
1018 2845 1178 2922 piaculum
1200 2849 1318 2929 [actum
1339 2873 1397 2931 per
1418 2855 1511 2916 trala-

285 2921 384 2978 tarem
409 2925 440 2982 et
463 2921 608 3003 publicas
633 2933 664 2990 et
685 2930 845 2996 aedituum
870 2937 902 3000 in
926 2943 994 3005 turca
1019 2948 1096 3008 deae
1119 2951 1199 3014 Dr‘ae
1219 2973 1348 3033 parcam
1371 2965 1400 3018 et
1422 2979 1481 3038 ap-

283 3039 366 3081 uam.
393 3023 523 3104 expiata
546 3026 651 3113 arbor,
677 3033 763 3113 trucul
787 3043 944 3104 vetustate
967 3048 1090 3115 decidet.

394 3125 510 3199 isdem
539 3127 815 3233 aoirristnlilius)
839 3206 1137 3240 „„„„„„

171 3251 206 3287 ³⁰
240 3245 427 3324 magisteria
452 3246 487 3308 L.
513 3247 621 3312 veruti
646 3252 801 3330 Quadrati
826 3259 857 3325 II
881 3266 940 3348 ul)
963 3317 1293 3345 ...........
1317 3287 1349 3346 in
1370 3307 1493 3366 prauae
1517 3300 1575 3352 ae-

283 3347 331 3410 dis
354 3347 553 3414 CaneardIae
576 3355 746 3438 collegium
770 3360 902 3429 fratruae
925 3371 1087 3438 druuliam
1109 3395 1316 3448 carraeneruut
1339 3388 1407 3466 ilriss

282 3471 343 3532 qne
367 3459 556 3536 coaptarunt
579 3455 708 3523 fratrem
732 3464 877 3530 Aranleru
899 3521 1386 3554 ................

283 3552 313 3614 iu
338 3553 441 3620 lacurn
465 3559 502 3636 Q.
525 3560 600 3624 Tilli
623 3560 724 3626 sassi.
748 3565 920 3637 adfuerunt
942 3585 1119 3660 rnap(ister)
1142 3590 1175 3650 L.
1206 3592 1347 3656 Veratius

282 3654 474 3743 Quadratus,
498 3663 533 3725 L.
558 3663 732 3730 Venuleius
755 3668 924 3739 Montanus
947 3682 1156 3766 Apronianus,
1182 3693 1217 3755 L.
1242 3697 1341 3758 lulius

172 3777 205 3814 ³⁵
284 3757 427 3826 Marinus
449 3765 609 3831 Caecilius
632 3768 783 3856 Simplex,
808 3777 836 3838 Τ

173 1649 205 1686 15

1638 2765 1694 2805 Nar.
1708 2767 1719 2804 5

307 4157 329 4216 ²)
349 4160 469 4214 natalric
484 4167 512 4214 et
527 4164 605 4216 Dum.
626 4167 655 4222 O.
671 4172 738 4223 r.13
757 4171 892 4239 IBIQVli
946 4199 1049 4250 omues,
1071 4205 1160 4260 nerpne
1187 4196 1277 4246 tamen
1305 4203 1401 4266 petest
1425 4217 1488 4254 esse
1513 4204 1600 4258 aisil

235 4246 368 4314 scriptum
388 4265 452 4301 esse
473 4267 522 4319 pro
543 4253 627 4305 salita
649 4255 802 4313 altinas).
946 4272 1034 4326 minus
1054 4283 1185 4332 accurate
1206 4292 1328 4338 inarata.

308 4336 330 4400 ³)
350 4330 391 4388 sic
417 4339 547 4407 scriptum
574 4345 618 4393 cst
640 4359 690 4412 pro
717 4343 890 4403 siturus·
1014 4365 1037 4431 θ]
1057 4366 1092 4418 cf,
1113 4371 1196 4424 v,35,

236 4421 353 4490 sustu).
1015 4452 1035 4518 i)
1056 4453 1229 4511 statuant
1251 4459 1331 4530 lapis.

308 4509 328 4568 ⁴>
349 4511 381 4563 I..
395 4511 532 4567 Maecium
546 4516 706 4573 Postumum
722 4525 889 4580 nomiaetum
1016 4541 1035 4610 ὃ)
1056 4541 1090 4594 de
1121 4547 1230 4600 nomine
1266 4553 1388 4606 consulis
1416 4554 1531 4610 alterius
1563 4560 1596 4612 cr,
1675 4609 1681 4622 ,

235 4597 324 4649 tuisse
345 4601 451 4653 conieci
473 4603 546 4665 idea,
567 4606 641 4674 <laod
655 4613 683 4660 et
700 4609 815 4679 Pompei
832 4613 890 4667 Vo-
945 4629 1042 4682 Marini
1064 4647 1089 4700 p,
1102 4633 1161 4688 293,

234 4683 307 4753 pisci
329 4691 448 4741 Arruntii
468 4693 582 4746 Itatellii
603 4695 710 4749 Celeris
731 4705 759 4750 et
782 4699 813 4752 L.
830 4701 890 4754 Iulii

234 4771 335 4824 Marini
350 4773 465 4830 caeeuti
486 4777 628 4849 Sitnplicis
650 4786 761 4838 nomina
781 4788 891 4843 nimiam

236 4862 359 4936 spatium
380 4871 507 4932 poscunt.

307 4951 327 5018 ⁵)
347 4953 372 5004 ia
400 4954 453 5006 fine
483 4955 628 5009 verberum
656 4962 834 5030 superstitum
865 4965 888 5016 'l'

1016 4717 1039 4784 9)
1060 4717 1168 4773 litterae
1183 4739 1236 4776 non
1250 4733 1378 4797 superest
1389 4731 1441 4784 nisi
1453 4732 1597 4790 frustulum

946 4805 1083 4873 exiguam,
1104 4809 1178 4876 quod
1200 4829 1253 4866 non
1274 4817 1363 4871 minus
1379 4818 1450 4874 bene
1471 4823 1506 4874 ad
1527 4824 1603 4878 littc-

946 4909 1001 4944 ram
1024 4895 1144 4964 Xquam
1166 4898 1200 4952 ad
1217 4901 1242 4953 V
1263 4905 1371 4958 ridetur
1390 4908 1486 4963 reterri
1507 4928 1603 4981 posse.

1672 5011 1700 5042 fl..
