3574 5592
589 383 731 442 Sacrificio
750 384 944 440 anniversaria.
1393 389 1433 454 67

104 565 217 634 apparet
230 558 429 634 pontificatum
444 578 560 638 quoquo
581 561 607 619 ei
628 559 728 620 datum
748 577 814 620 esse
829 576 906 619 anno
916 559 962 636 51,
977 576 1041 617 cnm
1056 563 1155 634 togam
1170 559 1279 620 virilem
1295 570 1433 623 sumeret:
1448 554 1451 570 '

103 654 135 711 ci.
155 659 239 713 antea
259 654 295 714 de
317 655 439 716 comitiis
460 655 662 714 consularibus
682 655 744 714 eins
765 671 794 732 p.
816 655 861 712 66.

102 765 137 829 bb
419 767 467 832 Ill
488 766 620 850 non(es)
641 765 802 850 Martias)
817 802 857 810 —
873 764 913 830 ob
936 763 1066 830 comitia
1086 765 1365 852 sacerdotioqum)
1378 768 1432 834 im-

477 868 663 954 p(eratou's)
684 865 844 954 opponis
867 867 1041 952 Aug(usti).

170 985 344 1049 Sacerdotis
364 987 473 1050 Othoni
494 988 604 1048 collata
621 987 822 1063 intellegenda
841 995 910 1048 suut
930 993 1070 1065 quattuor
1086 1005 1260 1064 magnorum
1291 992 1432 1070 collegio·

99 1103 155 1145 rum
173 1083 408 1157 sacerdotalium,
430 1099 503 1160 quae
524 1091 592 1142 sunt
610 1083 789 1160 pontificum,
810 1101 960 1158 augurum,
982 1080 1147 1160 quindecim
1167 1083 1259 1144 virum
1280 1087 1371 1148 saeris
1390 1091 1431 1149 la-

99 1179 212 1254 ciundis,
234 1187 347 1256 septem
367 1177 459 1236 virum
479 1179 635 1254 epulonum
655 1184 685 1237 et
704 1177 797 1254 quinti
817 1175 896 1253 quod
916 1181 1125 1253 postmortem
1145 1177 1283 1240 Caesaris
1303 1183 1433 1259 Augusti

97 1275 250 1334 institutum
280 1279 325 1333 est
354 1273 498 1333 sodalium
521 1272 735 1348 Augustalium.
776 1273 812 1331 ln
842 1289 877 1330 aa
906 1270 982 1329 enim
1011 1269 1256 1332 adscribebantur
1283 1277 1432 1357 principes

97 1369 186 1428 statim
206 1373 365 1446 postquam
385 1367 537 1444 imperinm
557 1368 703 1444 auspicati
734 1373 802 1426 sunt
825 1367 895 1444 (Dio
915 1367 961 1439 53,
984 1363 1029 1424 li:
1060 1359 1092 1423 i‘e
1122 1385 1154 1424 τε
1184 1369 1240 1424 τοῦ
1269 1366 1299 1427 lv
1319 1365 1433 1443 πάσαις

95 1467 155 1530 ταῖς
174 1457 353 1537 ἱερωσύναις
373 1458 521 1537 lapidabar
542 1462 621 1532 κτλ.)
643 1462 679 1520 ci.
699 1461 840 1520 Meraklin
856 1461 950 1536 Caopt.
971 1477 999 1536 p.
1013 1462 1080 1534 1523
1101 1461 1274 1538 Morqnardt
1292 1466 1328 1524 R.
1347 1467 1383 1524 A.
1405 1471 1433 1544 2,

94 1561 110 1615 3
127 1575 155 1634 p.
175 1557 253 1634 301).
273 1589 311 1602 -
332 1555 524 1617 Sacerdotum
546 1555 673 1630 collegia
692 1555 873 1631 temporibus
894 1555 1106 1632 antiquioribus
1134 1573 1188 1633 per
1214 1561 1431 1634 cooptationem

94 1669 179 1710 novos
198 1652 331 1725 collegas
352 1652 380 1708 in
401 1652 603 1710 defunctorum
623 1651 690 1708 loca
711 1647 882 1724 allegebant
901 1649 950 1724 (ei.
971 1649 1116 1709 Mercklin
1137 1651 1154 1710 l.
1176 1669 1201 1710 c.
1222 1671 1250 1728 p.
1270 1655 1307 1712 84
1327 1658 1432 1735 seqq),

94 1747 181 1805 donec
204 1747 253 1806 On.
275 1749 412 1806 Domitius
431 1750 460 1802 ia
479 1747 614 1804 tribunatu
630 1745 802 1820 ponteficibus
822 1747 955 1821 ιῃῗαιείον,
982 1745 1058 1818 quod
1081 1745 1165 1803 altram
1186 1766 1268 1821 queam
1287 1769 1315 1840 qe
1333 1755 1363 1808 ιά
1379 1773 1431 1828 pa»

93 1846 138 1899 tris
155 1847 196 1899 arai
217 1843 306 1900 locum
326 1849 501 1917 cooptassent,
520 1843 563 1898 ius
591 1841 759 1898 sacerdotum
788 1839 1023 1915 uubaopaadorum
1054 1857 1073 1894 a
1101 1841 1218 1915 collepiis
1243 1843 1283 1899 ad
1297 1848 1432 1921 populum

94 1938 221 1994 transtulit
242 1935 336 2012 (Suet.
358 1936 425 1994 Ner.
447 1933 486 2011 2).
538 1933 574 1993 Id
605 1951 681 1992 anno
712 1951 740 2009 p.
771 1951 797 1992 n.
829 1951 853 1992 n.
885 1935 941 1992 oto
971 1932 1079 1991 lactum
1108 1949 1174 1991 esse
1201 1937 1349 1997 Asconius
1380 1941 1433 2016 (ad

95 2033 192 2090 Caraal.
204 2049 233 2108 p.
247 2030 295 2105 81)
316 2031 406 2089 refert
425 2031 488 2104 (Ga.
506 2029 642 2088 Domitius
662 2029 784 2086 mibuaus
796 2029 894 2104 suerat
914 2037 976 2084 aute
995 2028 1034 2084 ΙΙ
1050 2037 1076 2084 et
1095 2027 1155 2085 XL
1174 2048 1269 2100 meaos,
1289 2031 1318 2090 C.
1334 2035 1429 2094 Mario

92 2128 132 2196 ll,
151 2125 178 2185 C.
201 2126 329 2184 Fimbria
347 2121 520 2200 ramalibus),
540 2139 615 2180 anuo
637 2131 732 2182 antem
753 2125 807 2181 651
829 2121 960 2180 Velleius
982 2119 1021 2198 (2,
1043 2123 1089 2197 12)
1111 2123 1231 2184 scribit:
1261 2127 1309 2202 qni
1339 2133 1431 2188 tertius

90 2221 138 2292 (se.
153 2221 324 2280 consulatus
344 2219 445 2294 Marii)
464 2223 493 2276 in
513 2227 654 2294 apparatu
681 2219 741 2275 belli
765 2226 945 2292 consumptus,
970 2235 1023 2292 quo
1044 2237 1116 2275 anuo
1137 2217 1184 2278 Ca.
1207 2219 1344 2279 Domitius
1368 2225 1429 2282 trib.

88 2317 123 2390 pl.
143 2317 225 2392 lapara
246 2317 314 2385 tulit,
333 2325 363 2372 ut
378 2315 544 2381 ‘sacerdotes
565 2331 632 2387 praes
651 2322 714 2369 ante
733 2313 850 2388 collepae
868 2312 1046 2384 sufficiebant,
1063 2315 1184 2388 populus
1210 2327 1321 2376 crearat.
1356 2319 1430 2378 Tulit

90 2417 190 2485 numm,
210 2417 245 2469 nt
264 2409 355 2468 tradit
376 2407 484 2468 Cicero
504 2407 549 2480 (de
569 2407 617 2482 leq.
639 2425 698 2482 apr.
719 2407 746 2480 2,
767 2405 794 2478 ’1,
816 2405 873 2480 18),
894 2409 969 2482 quad
978 2408 1098 2484 populus
1107 2427 1159 2484 per
1172 2411 1326 2486 relipiouem
1339 2433 1428 2472 sacer·

89 2507 160 2561 dotia
178 2505 314 2562 mandare
333 2523 387 2562 nou
402 2511 521 2579 poterat,
539 2511 570 2558 ut
588 2505 676 2560 minor
694 2520 762 2577 pars
778 2501 877 2578 populi
896 2509 1056 2558 vocaretur:
1086 2503 1120 2558 ab
1150 2523 1182 2560 ea
1198 2515 1280 2578 parte
1300 2513 1347 2581 qui
1365 2521 1429 2568 esset

82 2599 179 2672 sactus,
199 2604 223 2657 is
244 2617 262 2654 a
281 2600 391 2674 callepio
412 2607 595 2672 coaptaretur.
636 2596 733 2654 Electi
752 2595 842 2669 igitur
862 2601 929 2652 sunt
959 2611 996 2651 ex
1027 2611 1061 2652 eo
1082 2595 1149 2655 inde
1180 2607 1310 2675 tempore
1332 2620 1427 2662 sucer-

89 2691 169 2751 dotes
189 2691 293 2752 eadem
313 2691 436 2762 ratione,
458 2708 517 2766 qna
536 2691 670 2767 pontifex
690 2691 832 2749 maximus
863 2689 925 2747 fieri
956 2689 1080 2765 solebat,
1111 2692 1225 2751 scilicet
1253 2711 1307 2770 per
1335 2697 1427 2756 tribus

87 2787 301 2864 septemdecim,
329 2787 372 2846 ita
400 2791 498 2844 tamen
518 2795 550 2844 ut
568 2785 695 2861 populus
716 2783 857 2858 suffragia
876 2801 934 2842 non
963 2785 1053 2843 ferret
1073 2786 1128 2844 nisi
1149 2785 1185 2846 de
1206 2788 1240 2846 iia
1261 2789 1311 2866 qui
1331 2809 1349 2848 a
1369 2793 1426 2850 col·

86 2883 158 2958 legio
180 2881 324 2940 nominati
354 2886 439 2939 erant
469 2880 517 2956 (cl.
539 2879 680 2938 Merclrlin
700 2879 719 2937 l.
740 2897 764 2938 e.
785 2897 814 2955 p.
837 2881 891 2938 138
912 2879 1016 2955 seqq).
1058 2881 1110 2940 lus
1140 2900 1209 2942 vero
1236 2884 1426 2946 creandorum

86 2975 271 3036 sacerdotum
292 2973 438 3034 sublatum
458 2991 477 3034 a
498 2971 583 3032 Sulla
603 2974 717 3048 (Ascou
745 2978 774 3032 ia
803 2975 885 3032 diota.
917 2977 943 3033 8.
965 2991 993 3049 p.
1016 2975 1092 3050 102),
1123 2977 1287 3038 aansara
1316 2998 1369 3056 per
1392 2981 1426 3040 Τ.

83 3069 245 3130 Labienum
265 3069 413 3130 tribunum
433 3069 528 3144 plebis
550 3086 626 3129 anno
647 3071 701 3128 691
723 3069 888 3128 restitutum
909 3067 979 3142 (Dio
998 3065 1044 3142 31,
1065 3067 1116 3128 at:
1148 3068 1274 3142 καὶτὰς
1298 3069 1427 3148 αἱρέσεις

83 3167 139 3224 ταῖν
159 3161 264 3243 iepe'tar
283 3157 463 3240 γράψαντας
481 3162 536 3238 μὲν
556 3165 611 3222 τσῦ
630 3161 807 3239 Λαβιηνοῦ,
828 3155 1062 3231 σπουδάσαντος
1087 3161 1121 3222 δὲ
1134 3166 1189 3224 roa‘
1207 3162 1377 3240 Καίσαρος,
1397 3167 1428 3238 ἐς

83 3257 131 3319 τὸν
151 3259 252 3336 δῆμον
272 3247 400 3328 adducti
422 3251 527 3336 ὅμιλος
547 3255 629 3336 παρὰ
657 3254 710 3317 τὸν
735 3259 790 3317 τοῦ
816 3250 935 3314 Σύλλου
957 3249 1050 3330 νόμον
1074 3253 1268 3337 ἐπανήγαγεν,
1295 3256 1426 3321 ἀνανεω-

83 3353 208 3428 σάμενος
230 3349 284 3412 τὸν
304 3355 358 3412 rori
372 3352 523 3428 Δομιτίου
531 3376 541 3424 ,·
563 3355 600 3413 α1.
620 3351 763 3412 Mercklin
784 3353 801 3410 l.
823 3369 847 3412 c.
866 3370 894 3428 p.
913 3353 965 3410 143
980 3349 1076 3428 seqq.)
1098 3359 1194 3412 aetate
1208 3355 1425 3432 imperatorum,

83 3449 204 3509 comitiis
226 3465 245 3508 a
266 3447 395 3522 Tiberio,
426 3457 458 3508 nt
487 3450 529 3508 ait
549 3448 672 3508 'lucitus
693 3447 768 3525 (aaa.
792 3449 815 3504 1.
839 3446 897 3522 16),
917 3462 933 3504 α
953 3463 1057 3522 eampo
1079 3446 1116 3505 ad
1137 3455 1237 3524 patres
1265 3452 1424 3526 translatis,

82 3547 226 3622 elipeum
247 3542 286 3601 ad
305 3543 510 3618 imperatorem
530 3551 560 3602 et
579 3549 713 3602 senatum
733 3543 774 3600 ita
794 3541 917 3613 transiit,
939 3547 970 3598 nt
986 3541 1160 3601 'sacerdotes
1181 3544 1297 3620 quidem
1318 3548 1424 3622 privati

83 3638 244 3714 acollegis
264 3637 407 3696 nominari
427 3643 457 3696 et
477 3638 515 3696 ab
536 3637 710 3714 imperatore
730 3637 759 3694 in
781 3635 1020 3711 senatupropoui
1041 3635 1178 3710 solerent,
1198 3639 1423 3716 imperatoribus

82 3743 175 3793 antem
196 3731 439 3809 principibusque
460 3731 563 3790 domos
584 3735 740 3806 Augustae
761 3731 885 3807 abipso
906 3733 1009 3788 senatu
1036 3731 1203 3792 sacerdotia
1228 3735 1425 3794 tribuerentur

82 3830 128 3902 (ci.
150 3825 302 3902 Borghesi
321 3845 397 3884 mera.
418 3826 480 3884 delt’
509 3830 576 3888 Just.
598 3827 614 3885 l
635 3845 664 3903 p.
684 3823 740 3884 2i2
771 3843 863 3901 seqq,
883 3827 939 3884 292
960 3842 1051 3902 seqq,
1076 3843 1144 3902 opp.
1166 3831 1184 3886 3
1205 3847 1233 3904 p.
1253 3831 1310 3888 409
1331 3847 1423 3922 seqq,

80 3925 133 3982 428
164 3921 270 3999 seqq).
308 3919 414 3996 Neque
442 3928 541 3979 tamen
571 3937 686 3997 semper
711 3939 747 3979 eo
773 3921 833 3978 inre
854 3919 990 3978 ridentur
1009 3920 1054 3978 usi
1074 3937 1140 3978 esse
1170 3923 1328 4000 principes,
1359 3942 1424 3983 cnm

81 4017 156 4075 haud
177 4033 247 4076 raro
265 4031 325 4082 uon
345 4019 506 4074 memorata
535 4015 698 4092 principum
728 4013 902 4072 anctoritate
933 4013 1103 4074 sacerdotes
1133 4013 1269 4074 dicantur
1292 4019 1423 4094 cooptati

80 4129 143 4170 esse
165 4109 217 4188 (ai.
238 4109 315 4168 inira
334 4108 370 4166 de
391 4109 599 4184 coaptatione),
621 4127 731 4186 eosque
752 4125 873 4166 necesse
895 4115 940 4167 est
960 4109 997 4166 ab
1017 4109 1090 4184 ipsis
1118 4109 1248 4186 collegiis
1269 4111 1298 4169 in
1319 4121 1422 4172 senatu

81 4207 248 4283 propositos
268 4221 343 4263 esse.
383 4203 560 4264 Sacerdotes
591 4211 688 4272 autem
718 4203 779 4262 sire
799 4201 828 4260 in
849 4209 952 4261 senatu
982 4201 1127 4280 propositi
1147 4203 1208 4260 sire
1235 4221 1272 4262 ex
1303 4213 1421 4266 senatus

80 4301 214 4360 consulto
247 4299 338 4359 creati
367 4299 611 4358 renuntiabantur
640 4299 667 4357 in
698 4297 836 4358 comitiis:
866 4297 948 4356 euius
978 4299 1020 4356 rei
1044 4305 1161 4374 praeter
1180 4305 1249 4358 aete
1269 4299 1421 4360 Arvalium

80 4396 162 4454 testis
184 4401 231 4453 est
252 4391 366 4454 Seneca
386 4395 431 4468 (de
451 4395 534 4468 σανα).
556 4392 582 4466 i,
602 4395 648 4470 28,
668 4393 698 4468 2)
719 4411 783 4453 cum
804 4391 920 4451 scribit:
945 4395 984 4450 sie
1002 4395 1095 4463 euenit,
1119 4401 1150 4449 ut
1173 4397 1247 4450 circa
1265 4395 1421 4452 comatoria

80 4499 211 4565 acmrpato
231 4492 371 4547 comitia
390 4498 439 4545 aut
456 4490 731 4548 sacerdotiorum
751 4489 900 4546 candidato
921 4495 1081 4562 quaesturae
1100 4491 1267 4564 suffragator
1285 4489 1420 4547 exciderit.

81 4581 336 4643 Renuntiatiouem
357 4583 482 4661 denique
502 4585 531 4642 in
551 4584 675 4643 comitiis
696 4584 805 4641 tactam
826 4580 973 4641 sollemnis
995 4587 1098 4638 secuta
1117 4587 1163 4640 est
1180 4581 1342 4658 cooptatio,
1363 4599 1422 4658 qna

81 4678 114 4737 de
135 4679 172 4740 et.
196 4679 279 4738 inira.

80 4791 119 4856 69
425 4789 485 4854 VII
498 4787 568 4852 idus
581 4789 741 4874 Mart(ias)
753 4827 792 4836 -
806 4787 846 4854 ob
859 4787 985 4854 comitia
1006 4783 1241 4872 pontif(ioatus)
1263 4786 1422 4872 max(imi)

467 4891 601 4958 Othonis
623 4893 795 4976 Aug(usti).

153 5011 264 5073 Othoni
284 5031 349 5072 cnm
369 5017 457 5072 antea
478 5009 634 5071 viderimus
660 5029 759 5070 omnes
785 5011 950 5092 principum
974 5010 1101 5071 honores
1127 5027 1187 5068 nna
1213 5027 1278 5067 oum
1298 5007 1420 5088 imperio

1171 5101 1222 5170 5*
