3616 5584
644 319 648 332 ·
701 311 885 366 Domitianus.
1369 323 1470 366 exunt

69 483 89 520 ⁵²
113 485 142 545 iu
164 485 233 546 laco
256 485 334 547 deae
356 487 437 549 Diae
459 489 637 568 munisterio
659 487 708 549 Ti.
732 485 795 549 Iuli
819 481 957 548 Candidi
980 481 1060 546 llari
1084 479 1179 563 Celsi,

153 606 260 648 auram
282 597 391 668 amente
412 590 450 651 Α.
474 591 556 652 lulio
580 589 755 664 Quadrato,
776 589 895 668 [ratres
918 584 1055 649 Arvales
1078 583 1159 648 deae
1181 581 1264 646 Diae
1287 583 1392 644 saeri-

150 693 254 770 ficium
279 688 430 755 fenerant.
475 691 512 753 d.
535 693 635 754 lulius
658 691 850 766 Quadratus,
874 690 926 770 qni
949 685 1020 751 vieo
1042 684 1190 766 magistri
1212 681 1406 764 fungebatur

68 817 89 856 ns
156 791 197 854 a.
220 793 284 854 luli
305 789 443 856 Candidi
466 791 551 856 Mari
574 794 663 875 Celsi,
687 801 759 855 ante
779 793 881 854 luterum
903 794 936 852 in
958 807 1047 852 araur
1070 806 1184 870 pereas
1205 783 1386 866 piaculares

153 894 235 957 duas
256 893 329 958 ineo
352 893 542 976 coinquendi
565 903 594 957 et
616 897 720 975 operis
741 891 884 973 seniendi
906 891 1078 970 inmolavit,
1103 888 1214 950 deindo

155 1017 283 1060 raeeam
305 995 510 1060 honorariam
532 998 609 1060 deae
631 998 711 1060 Dine
733 995 770 1057 Λ.
795 993 895 1059 Iulius
917 993 1110 1069 Quadratus,
1133 994 1186 1073 qui
1207 993 1273 1055 oica
1295 1011 1366 1053 rna-

152 1102 242 1180 qlslri
255 1101 452 1181 fundebatur,
475 1101 636 1163 inmutauit
651 1108 722 1162 ante
738 1100 839 1161 lucum
853 1100 885 1160 in
899 1097 1015 1177 [oculo.
1044 1095 1082 1157 A.
1097 1095 1197 1158 lulius
1213 1094 1403 1170 Quadratus,
1419 1095 1471 1174 quui

154 1204 221 1264 nice
242 1203 384 1282 manistri
405 1203 602 1282 iunocenter,
625 1244 933 1266 .............
954 1198 991 1261 L.
1020 1198 1162 1262 Veratius
1185 1196 1366 1273 Quadratus
1387 1243 1393 1257 .
1412 1242 1418 1256 .
1437 1225 1468 1256 .·

153 1349 322 1367 ......
346 1303 378 1367 in
400 1307 561 1389 tetrastylo
584 1305 788 1371 conmodorum
810 1309 838 1364 el
860 1321 900 1362 eu
920 1302 1079 1381 sacrificio
1102 1301 1219 1381 epulati
1240 1309 1320 1380 sunt,

151 1405 328 1488 sumlisqne
350 1409 522 1490 praetextis
544 1416 573 1469 et
594 1409 719 1469 aaronis
740 1405 853 1486 spineis
875 1405 995 1466 uitiatis
1017 1404 1118 1465 laeum
1141 1404 1219 1466 deae

154 1509 237 1574 Diae
259 1505 302 1572 ad
324 1517 510 1573 summotum
531 1509 733 1572 eseerrderunt
755 1515 784 1570 et
803 1527 860 1588 per
882 1507 920 1570 A.
943 1505 1056 1567 lulium
1079 1506 1285 1582 Quadratum,

154 1613 211 1694 qui
233 1609 304 1675 viee
325 1613 472 1693 manistri
492 1611 698 1692 inrigabatur,
723 1619 751 1673 el
774 1653 1133 1673 ............
1158 1610 1211 1689 qui
1233 1609 1300 1671 aiae

154 1711 294 1777 flaminis
317 1712 512 1795 innuebatur,
535 1715 613 1778 deae
628 1713 711 1778 Diae
726 1731 841 1795 aguam
864 1711 999 1794 opimam
1022 1711 1219 1792 inmolarunt,
1241 1711 1469 1792 potentantur)

76 1835 90 1872 a
155 1815 313 1882 sacrificio
336 1836 444 1880 omnes
465 1825 533 1880 ture
555 1821 586 1881 et
608 1815 683 1879 uino
707 1814 861 1894 feneranl3
888 1815 1000 1877 deinde
1021 1813 1146 1877 aaronis
1168 1815 1221 1875 in-

154 1919 230 1985 latis
246 1917 408 2000 signisque
427 1918 529 1983 unalis
546 1918 581 1981 Ρ.
597 1917 779 1983 Sallustium
793 1917 940 1980 Blaesum
960 1917 1176 1994 eotrostulom)
1197 1935 1237 1977 ea
1252 1914 1472 1978 Saturnalibus

154 2020 267 2106 primis
288 2017 331 2084 ad
354 2018 539 2084 Saturnalia
560 2020 700 2086 seeundo
721 2022 901 2101 manistram
923 2039 1057 2084 annuam
1079 2021 1230 2100 feceruut,

155 2124 231 2187 ilem
254 2122 290 2186 L.
313 2122 476 2187 Ve'ralinm
500 2123 694 2199 Quadratum
706 2120 731 2205 ¹)
751 2122 914 2202 flaminem.
939 2123 1050 2186 deiude
1071 2124 1104 2185 in
1127 2120 1320 2203 tetrastylum

156 2222 382 2290 ‹leseintlernnt
404 2225 508 2306 ibique
530 2225 562 2288 in
584 2224 720 2288 triclinia
744 2225 967 2290 discumbentes
989 2225 1106 2305 epulati
1127 2233 1198 2287 sunt

73 2337 93 2371 ⁴'
154 2325 197 2392 ad
221 2325 408 2408 magistrum
431 2327 480 2390 Ti.
503 2326 616 2391 Iulium
639 2327 813 2392 Candidum
835 2329 968 2391 Marium
991 2328 1130 2401 Celsum3
1150 2335 1220 2408 pasl
1241 2326 1350 2406 eprrlas

156 2428 322 2493 uioiniains
344 2426 486 2494 soleatus
509 2447 576 2492 oum
599 2449 717 2493 earoua
737 2431 848 2512 paelili
870 2432 997 2494 rasaeia
1018 2437 1168 2494 summota
1190 2447 1289 2509 supra

156 2549 306 2595 carneres
328 2529 473 2596 aseendit
495 2536 527 2596 et
549 2531 675 2614 siguum
697 2535 859 2615 quadrinis
882 2543 911 2597 et
933 2534 1140 2597 domitoribus
1163 2533 1256 2594 misit.

115 2715 372 2781 BLAESO·GOS‚
391 2731 471 2786 quem
490 2717 526 2770 ad
546 2717 690 2788 imperinm
710 2719 766 2772 Do·
819 2718 923 2773 Blaeso
942 2718 1048 2774 Arvali.
1077 2716 1209 2782 illalum,
1229 2717 1276 2787 qui
1295 2734 1337 2772 rna
1358 2717 1473 2786 fugerat,

115 2807 221 2860 miliani
240 2803 378 2875 pertinere
401 2804 481 2874 ipsas
500 2803 656 2858 ostendunt
674 2806 767 2858 kalen·
819 2804 954 2859 iudicavit
972 2806 1037 2859 mihi
1057 2804 1301 2873 Wnddiugtouius.

115 2896 164 2946 doe
184 2893 378 2954 Gerrnaar'cae5
397 2891 670 2947 ei.Snet.Dom.13.
702 2891 766 2945 Gol-
890 2893 912 2957 ²)
932 2908 1029 2945 nomen
1050 2893 1130 2963 posui
1150 2893 1184 2945 L.
1205 2891 1314 2946 Verulii
1329 2891 1472 2960 Quadrati,

115 2981 177 3048 lega
195 2980 279 3046 igilur
292 2976 424 3032 Saeniani
440 2978 490 3030 tuit
503 2976 623 3032 Blaesus
643 2977 766 3047 qaidnnr,
819 2979 884 3049 quia
897 2980 930 3033 L.
942 2978 1096 3033 Venuleius
1107 2975 1296 3049 Apronianus,
1311 2980 1346 3032 ds
1362 2997 1416 3049 quo
1427 2998 1474 3034 eo·

116 3067 160 3136 qrri
180 3063 290 3119 uidetur
308 3063 403 3119 haberi
422 3081 508 3135 posse
523 3081 573 3135 pro
586 3065 619 3121 P.
632 3063 767 3120 Sallustio
819 3067 898 3134 gilari
918 3066 1018 3136 possit,
1038 3082 1110 3121 auno
1123 3068 1158 3123 90
1176 3066 1273 3120 flamen
1293 3071 1406 3122 eranlus
1420 3073 1473 3122 est.
