3644 5592
225 559 285 625 III.
330 501 516 626 l'I'AOULA
545 556 600 626 OB
628 557 792 627 OAUSAS
821 559 1092 630 fflNGULARES
1115 560 1261 626 EXTRA

330 660 526 729 ORDINEM
547 661 687 730 FACTA
690 708 1221 724 ................
1257 713 1263 724 .

336 781 360 818 a
388 764 499 836 piacula
518 765 625 819 minora
626 803 1260 820 ...................

387 852 422 906 de
441 852 578 910 relatione
597 853 723 922 magistri
743 851 834 922 deque
848 851 964 906 decreto
977 850 1089 920 collegii
1104 850 1139 904 de
1153 851 1263 922 piaculo

385 939 521 995 iaciendo.
795 1013 797 1016 Ι

388 1031 453 1082 acta
470 1025 641 1098 piaculorum
661 1043 715 1096 quo
734 1027 817 1082 modo
836 1028 893 1082 siut
911 1032 1062 1098 concepta:

411 1115 435 1169 1.
473 1128 562 1168 annus
581 1116 611 1166 et
629 1112 700 1166 dies.

410 1203 436 1257 2.
472 1199 561 1254 locus.

410 1290 435 1342 3.
471 1288 542 1342 ratio
559 1287 740 1357 piaculorum.

444 1395 470 1427 α.
508 1390 589 1444 quam
608 1375 644 1429 ob
664 1390 776 1430 causam
795 1376 871 1432 iacta
889 1377 946 1432 sint
962 1376 1081 1448 piacula.

444 1466 470 1527 β.
506 1477 523 1514 a
542 1477 596 1532 quo
616 1461 693 1518 sacta
712 1463 768 1517 siut
786 1463 907 1533 piacula.

451 1567 478 1616 γ.
516 1565 570 1618 quo
590 1549 673 1604 mode
693 1550 769 1606 iacta
787 1550 845 1606 sint
862 1553 982 1622 piacula.

481 1689 619 1760 piaculum
638 1689 739 1743 iactum
758 1687 794 1742 ob
807 1704 926 1745 errorem
939 1693 1075 1760 quendam
1089 1697 1264 1754 commissum

481 1777 637 1832 electione
658 1776 778 1832 Veneta.

483 1863 623 1935 piaculum
642 1863 744 1919 iactum
763 1863 799 1918 ob
819 1881 932 1922 caueam
951 1868 1093 1926 incertam.

337 2007 365 2063 b.
389 2003 502 2077 piacula
519 2003 625 2059 maiora
626 2039 1265 2070 ...................

414 2095 438 2149 l.
475 2107 564 2147 annue
583 2097 611 2146 et
630 2091 703 2148 dies.

413 2183 439 2237 2.
475 2178 563 2236 locus.

412 2269 437 2320 3.
473 2268 546 2322 ratio
565 2267 744 2339 piaculorum.

448 2376 475 2411 α.
515 2371 585 2426 quas
604 2353 640 2408 ob
660 2357 761 2409 causas
780 2354 856 2409 lacta
874 2357 931 2411 siut
949 2359 1066 2428 piacula.

511 2443 546 2497 (le
566 2441 659 2496 verbis
677 2443 814 2510 adolendi,
833 2447 1015 2511 commorandi.
1035 2451 1203 2519 coinpucudr‘.
1222 2439 1233 2472 Ὗ

449 2538 474 2598 β.
510 2545 600 2601 aquo
622 2529 696 2583 lacte
715 2529 771 2584 siut
788 2529 908 2601 piacula.

446 2638 473 2689 y.
511 2633 565 2689 quo
583 2617 667 2671 modo
687 2617 787 2686 quibus
807 2619 963 2674 numinibus
982 2621 1058 2676 iacta
1076 2624 1133 2679 siut
1150 2625 1268 2696 piacula.

477 2705 511 2760 (ie
531 2703 766 2760 suovetaurilibus
784 2706 935 2760 maioribus
954 2713 982 2760 et
1001 2709 1160 2769 minoribus.

476 2797 670 2848 enumerantur
689 2791 728 2846 dii
747 2791 873 2864 deaeque
891 2810 952 2849 cum
971 2796 1091 2851 victimis
1111 2797 1270 2856 immolatis.

476 2880 510 2935 tie
530 2879 682 2935 Adolenda
701 2879 900 2937 Commolanda
918 2883 1087 2940 Deiomuda.
1155 2881 1158 2887 ’

477 2969 512 3023 da
532 2967 684 3022 Adolenda
702 2967 894 3040 (loiuquenda.

476 3054 510 3110 de
520 3056 603 3124 genio
613 3055 790 3127 imperatoris
803 3073 837 3112 ae
851 3057 922 3114 divis
936 3065 1020 3115 antea
1028 3061 1108 3127 XVI,
1123 3061 1224 3117 deinde
1234 3065 1297 3120 XX.

174 3233 213 3297 D.
261 3225 502 3295 COOP‘PA'PIO
524 3225 730 3295 FRATRUM
750 3230 1013 3299 ARVALHJM..
1042 3279 1048 3290 .
1077 3279 1083 3291 .
1114 3281 1119 3291 .
1146 3281 1153 3296 .
1184 3280 1189 3290 .
1217 3280 1224 3292 .
1257 3283 1263 3296 .

328 3333 352 3386 1.
390 3345 478 3384 annus
498 3335 525 3383 et
544 3327 615 3385 dies.

327 3420 354 3472 2.
390 3417 478 3473 locus.

325 3507 350 3560 3.
387 3505 574 3575 cooptationis
593 3507 673 3561 ratio.

387 3593 530 3663 cooptatio
549 3592 682 3664 ipseper
699 3595 819 3651 Arvales
839 3597 923 3652 iacta.

394 3679 504 3734 litterae
524 3679 719 3750 imperatorum
739 3681 774 3737 de
794 3685 962 3757 cooptandis
981 3685 1120 3741 iratribus.

394 3767 520 3837 precatio
540 3768 737 3838 cooptationis.

394 3854 536 3925 cooptatio
555 3869 590 3907 ex
609 3869 631 3910 s.
645 3871 679 3920 o.,
698 3886 728 3894 -
750 3875 785 3912 ex
804 3859 904 3915 litteris
923 3861 968 3916 vel
987 3861 1094 3917 tabella
1111 3863 1262 3933 imperato·

394 3943 441 4009 rie,
462 3970 495 3982 -
514 3957 550 3995 ex
567 3941 683 3997 arbitrio
703 3943 823 4015 collegii.

393 4029 538 4102 cooptatio
558 4029 684 4100 nequitur
701 4033 916 4091 nominationem
936 4041 966 4090 et
983 4039 1227 4094 renuntiationem.

395 4115 577 4173 devocando
597 4118 633 4172 ad
653 4135 741 4174 sacra

394 4207 429 4260 de
449 4205 532 4259 anulo
552 4205 708 4274 signatorio
728 4207 912 4280 imperatoris.

325 4297 350 4352 4.
386 4297 561 4366 praesentes.

393 4384 528 4452 cooptare
547 4395 597 4450 per
615 4380 743 4440 tabellas.

393 4467 538 4542 cooptatio
558 4466 653 4522 delata
672 4470 738 4540 quid
758 4473 907 4542 significet.

172 4651 209 4719 E.
255 4645 469 4715 ADLECTIO
493 4641 550 4707 ΕΤ
572 4640 857 4718 SUBSTITUTIO
880 4649 1191 4718 PUBLIGORUM..
1220 4695 1226 4708 .
1259 4698 1264 4712 .

246 4786 251 4798 ·
325 4759 350 4812 1.
386 4772 475 4812 annus
494 4762 524 4812 et
542 4757 614 4813 dies.

324 4845 349 4900 2.
387 4843 475 4900 loeus.

323 4934 349 4987 3.
385 4934 458 4988 ratio
477 4932 635 5002 allegendi.

394 5020 558 5076 substitutio
577 5019 693 5092 publici.

1396 3243 1448 3298 150
1462 3245 1534 3298 —157

1396 4654 1535 4709 158-159
