3574 5592
709 351 770 409 dies
789 355 934 413 secundus.

347 541 400 588 tum
419 535 531 608 pinpues
551 534 615 607 apui
634 539 657 587 et
677 539 732 586 tum
751 532 908 588 :oolibama
926 535 999 602 uina,

347 637 401 684 arm
419 629 506 684 sarnai
526 627 616 684 dulces
635 627 784 700 densaeque
803 630 831 682 in
850 626 983 684 montibus
1001 628 1121 686 umbrae.

347 731 441 780 curtato
460 721 508 778 riti
530 720 650 780 Cererem
667 719 751 794 pubes
771 724 882 796 aprestis
902 721 1012 778 odoret:

347 821 390 874 cui
408 827 435 874 iu
455 817 523 873 lacte
536 817 622 889 fanos
642 821 667 872 et
685 818 741 872 miii
760 816 833 873 dilue
854 815 975 885 Baculo,

347 922 438 988 terque
457 929 543 968 noras
562 914 662 968 circum
676 911 747 986 jeliu
766 919 810 968 eat
827 912 914 968 badia
927 912 1034 988 serpes,

349 1011 434 1065 omnis
454 1025 535 1080 puceu
555 1006 652 1062 cuorus
672 1014 695 1062 ei
713 1009 780 1062 socii
798 1009 953 1063 comitentur
973 1015 1090 1075 οιαιιιιι,

347 1112 371 1160 et
391 1101 512 1160 Cererem
532 1101 650 1158 clamore
670 1110 762 1156 uacent
779 1103 808 1156 iu
827 1107 902 1159 ιιιιιι,
923 1119 1007 1176 neque
1027 1111 1086 1158 anie

349 1199 444 1255 taleam
464 1201 577 1254 mutuas
598 1199 738 1271 quisquam
758 1203 896 1270 supponat
916 1197 1014 1264 aristes,

347 1311 428 1368 φιαιιι
451 1291 541 1352 Cereri
560 1299 632 1346 torta
652 1291 789 1346 redimitus
808 1298 931 1364 iesaperu
951 1307 1050 1364 puercu

348 1389 390 1444 det
408 1395 495 1444 moues
514 1387 695 1462 inconpositos
715 1395 738 1442 et
757 1388 880 1440 carmina
899 1385 979 1442 dicu.

227 1487 368 1557 agrestes
389 1481 463 1539 enim
485 1480 556 1538 ritus
581 1479 626 1538 bis
653 1479 785 1538 versibus
814 1477 953 1554 descripti
983 1479 1002 1536 ii
1022 1479 1080 1555 ipsi
1101 1485 1180 1552 suut,
1200 1493 1273 1555 quas
1295 1475 1401 1534 maiore
1423 1492 1488 1533 cum

149 1573 225 1632 cultu
246 1583 277 1634 et
297 1575 514 1651 magnificentia
533 1573 659 1633 Arvales
681 1575 886 1633 celebrabant:
908 1573 944 1632 de
964 1591 1023 1650 qua
1043 1591 1074 1632 re
1094 1572 1170 1630 intra
1189 1569 1313 1646 amplius
1334 1567 1490 1627 dicendum

148 1669 208 1726 erit.
231 1702 266 1711 -
287 1669 377 1746 Agna
402 1671 551 1730 immolata
575 1669 688 1728 hostiae
709 1669 869 1728 litationem
890 1668 1086 1745 inspexerunt.
1127 1667 1253 1723 Hostiam
1277 1669 1357 1722 recte
1383 1679 1489 1738 aguam

148 1761 204 1820 dici
231 1765 314 1822 testis
340 1769 386 1822 est
412 1765 522 1824 Fronto
550 1765 595 1838 (de
614 1766 670 1840 diff.
690 1785 747 1822 roc.
771 1765 859 1823 solt
879 1783 906 1838 p.
920 1763 976 1820 482
996 1762 1041 1821 ed.
1062 1759 1194 1834 Mediol.)
1220 1775 1285 1818 cum
1312 1758 1354 1816 sic
1375 1757 1489 1815 scribit:

146 1859 255 1914 uictima
279 1863 368 1915 maior
396 1868 441 1928 est,
473 1859 559 1916 boetia
590 1862 692 1928 mirrea·
722 1861 758 1918 el.
786 1859 898 1917 Paulus
919 1859 957 1934 (p.
975 1858 1028 1915 126
1049 1855 1094 1914 ed.
1116 1854 1185 1932 Ml:
1211 1857 1357 1910 marimum
1376 1852 1490 1908 busdam

148 1951 222 2008 ouidi
238 1957 348 2027 pecoris
363 1953 544 2028 appellabam.
560 1955 655 2012 -De
676 1954 806 2012 litatione
830 1954 1009 2012 victimarum
1038 1951 1074 2011 ci.
1106 1949 1248 2009 Muriulus
1269 1967 1297 2025 p.
1312 1946 1384 2006 587:
1415 1947 1491 2003 Ιιιιιι

146 2047 224 2102 lirare
251 2057 275 2103 ιι
301 2051 471 2122 summram,
506 2047 608 2106 scribit
636 2047 796 2108 scholiasta
822 2048 859 2107 ad
887 2047 1013 2109 Statium
1041 2045 1120 2102 rtet.
1144 2047 1189 2115 lo,
1205 2045 1260 2101 610
1291 2040 1383 2118 (apud
1414 2041 1488 2100 Bar-

146 2135 234 2197 thlum
262 2159 354 2202 comm.
376 2143 416 2199 ad
436 2145 461 2216 1,
478 2141 555 2219 tot),
575 2143 625 2199 boc
651 2147 764 2214 interest,
787 2147 942 2218 sacrificare
967 2151 1002 2200 esi
1028 2141 1129 2197 bestias
1148 2139 1302 2206 immolare,
1329 2138 1408 2193 litare
1427 2153 1489 2192 uero

143 2253 193 2308 per
206 2235 416 2294 immolationem
430 2239 574 2294 bestiarum
588 2241 733 2312 impetrare
747 2239 821 2314 pund
831 2239 956 2315 postules.
979 2235 1137 2293 Postulata
1148 2233 1320 2309 impetrasse
1334 2229 1390 2288 sibi
1411 2229 1489 2286 ride·

145 2329 254 2388 bantur
274 2347 338 2388 cum
366 2331 554 2407 inspicientes
575 2330 688 2389 viscera
712 2349 748 2390 ea
773 2333 927 2391 convenire
944 2327 1255 2405 videreutpraeceptls
1276 2325 1490 2401 haruspicinae.

145 2422 192 2481 Ita
223 2423 260 2481 de
293 2423 422 2484 Caesare
459 2423 615 2484 Suetonius
635 2428 737 2494 ¹(Caes.
760 2427 824 2500 80:
858 2429 981 2504 pluribus
1010 2425 1101 2481 boeriis
1130 2427 1214 2480 eaesis
1243 2439 1302 2479 cum
1334 2422 1412 2478 litam
1434 2439 1490 2477 nou

147 2527 245 2592 posset,
266 2521 370 2576 introiit
394 2525 497 2578 cumam
523 2531 615 2596 spreta
639 2524 783 2598 relipioue3
813 2521 942 2581 similiter
974 2521 1099 2580 Plautus
1129 2519 1224 2586 (Pacu.
1246 2516 1273 2585 2,
1288 2516 1353 2583 iii:
1382 2519 1492 2573 siisarc

144 2631 264 2688 unqua-m
278 2617 387 2690 jacium
408 2625 452 2684 esi,
473 2624 527 2672 mm
554 2635 594 2672 nec
613 2617 738 2692 Iuppiter
757 2619 850 2692 saciat
869 2628 898 2674 ui
917 2634 1019 2692 semper
1037 2617 1184 2690 sacm'fieem
1204 2628 1390 2684 necunquam
1410 2611 1491 2680 litem,

144 2715 174 2765 et
193 2705 299 2767 Livius
323 2706 461 2784 (41‚15):
485 2714 583 2766 territis
603 2729 633 2767 eo
651 2712 781 2788 prodipio
798 2711 937 2786 patribus,
955 2720 980 2768 et
999 2711 1067 2768 alter
1087 2707 1180 2766 carmel
1199 2723 1293 2762 curam
1313 2705 1424 2774 adiecit,
1444 2709 1491 2777 qui

147 2821 182 2872 se,
203 2803 281 2879 quod
300 2814 381 2879 caput
401 2807 510 2860 ieriueru'
530 2805 655 2880 defuisset
661 2849 669 2876 ,
694 2807 778 2863 tribus
803 2806 885 2862 bubus
907 2805 1047 2881 perlitasse
1070 2805 1185 2879 nepae-it.
1216 2809 1323 2856 sardus
1342 2799 1491 2855 aimardus

145 2897 240 2956 busiris
261 2917 344 2972 aspere
359 2901 397 2956 ad
412 2899 559 2956 litationem
572 2901 724 2974 sacmficari
742 2905 824 2958 imsii.
852 2899 959 2958 Paullo
973 2899 1057 2958 aliter
1075 2902 1232 2972 usurpatur
1247 2892 1364 2950 verbum
1379 2891 1493 2966 litandi,

147 3007 210 3048 cum
233 2990 270 3049 de
293 2991 423 3051 Caesare
444 2997 582 3068 Augusto
609 2991 765 3051 Suetonius
792 2993 854 3068 (96)
882 2993 924 3052 sic
954 3001 1065 3052 narrat:
1092 2997 1166 3049 circa
1191 2989 1333 3046 Feroniam
1356 2989 1490 3061 samrficio

146 3105 201 3142 nau
222 3087 312 3143 litanti
330 3106 390 3144 mem
410 3092 505 3164 nuperi
525 3087 623 3144 bamus
643 3091 800 3164 imperasset
819 3095 872 3148 cet.
901 3087 1034 3164 Denique
1056 3103 1143 3145 seusu
1159 3081 1255 3142 activo
1276 3081 1394 3140 verbum
1408 3099 1489 3138 usur·

146 3185 244 3255 petar,
265 3186 297 3238 ut
310 3183 390 3256 sactu
411 3187 554 3251 sarrinia,
574 3181 698 3256 legimus
719 3182 798 3259 apud
819 3182 962 3242 Iustinum
983 3181 1043 3258 (20,
1057 3184 1095 3256 2),
1120 3181 1200 3236 litatis
1218 3177 1309 3234 lrosiiis
1329 3177 1490 3250 abierunque,

147 3275 339 3346 nitebantur,
364 3277 439 3352 quod
455 3277 595 3352 petebant,-
621 3277 751 3334 similiter
771 3275 920 3349 Vergilius
952 3276 1031 3353 (Aea.
1053 3278 1080 3349 4,
1095 3276 1157 3347 bbl:
1178 3283 1207 3330 tu
1226 3273 1306 3328 moda
1325 3289 1407 3346 praece
1427 3272 1491 3328 deas

147 3373 255 3427 ueniam
275 3373 413 3446 sacrisque
433 3373 514 3430 litatis
537 3373 646 3447 iudrdpe
669 3371 784 3447 bospitio
805 3377 874 3445 cet,
895 3370 943 3429 nbi
970 3369 1088 3430 Servius
1110 3367 1246 3424 adnotat:
1271 3365 1324 3422 diis
1346 3366 1426 3422 litatis
1446 3367 1489 3422 de·

148 3461 204 3519 buit
224 3463 328 3533 dicae,-
345 3483 401 3521 uon
420 3467 488 3522 mim
507 3483 598 3536 sacra,
617 3468 665 3523 sed
683 3468 748 3523 deos
766 3469 853 3521 samis
872 3465 986 3534 litamus,
1005 3467 1023 3522 i.
1045 3483 1066 3522 e.
1083 3465 1235 3540 placamus.
1255 3493 1294 3503 -
1313 3458 1490 3518 Litatiouem

147 3556 239 3632 igitur
258 3557 402 3634 inspicere
425 3557 559 3620 dicuutur
579 3560 597 3617 ii
618 3561 667 3636 qui
686 3560 799 3618 viscera
819 3559 986 3618 examinant
1005 3557 1119 3616 hostiae
1139 3555 1305 3614 immolatae
1326 3571 1394 3612 uum
1416 3553 1490 3614 votis

147 3658 288 3710 annuant

223 3745 361 3806 Perfecto
383 3747 486 3807 deinde
508 3747 652 3808 sacrificio
673 3765 772 3806 omues
792 3755 854 3805 ture
876 3754 905 3806 et
924 3749 989 3808 vino
1005 3749 1145 3818 iecerunt,
1167 3751 1197 3802 et
1214 3743 1322 3802 reuersi
1345 3744 1372 3801 in
1388 3743 1491 3803 aedem

147 3841 176 3900 in
197 3859 301 3900 mensa
320 3859 434 3900 sucrum
455 3843 590 3902 lecerunt
615 3842 731 3910 olliset
756 3849 823 3901 aute
850 3842 952 3901 aedem
972 3843 1001 3900 in
1023 3841 1133 3919 cespite
1154 3839 1293 3915 magister
1312 3840 1358 3897 sel
1377 3857 1491 3916 proma·

147 3937 242 4014 gister
267 3944 296 3995 et
321 3935 425 3994 flamen
450 3938 495 3994 vel
520 3935 680 4014 proflameu
707 3955 821 3997 sacrum
846 3937 986 3996 feceruut.
1006 3939 1108 3996 -De
1134 3937 1226 3996 sacris
1255 3933 1361 3994 mensis
1383 3932 1491 3992 Festus

147 4031 182 4106 (s.
198 4051 225 4088 r.
248 4049 275 4108 p.
294 4030 346 4091 lb'l
370 4031 415 4089 ed.
436 4031 486 4106 M.)
506 4031 579 4111 haec
601 4030 704 4090 habet:
730 4032 871 4106 [raenjsae
889 4037 917 4088 in
937 4032 1047 4106 aedibus
1065 4037 1151 4090 sacris
1170 4031 1301 4104 arar[um
1322 4034 1402 4087 sicem
1425 4029 1490 4084 obti-

147 4127 225 4200 neni]
246 4131 331 4198 cett.;
352 4127 470 4184 uberius
492 4125 527 4184 de
548 4127 582 4185 iis
605 4125 777 4186 Macrobius
798 4126 837 4204 (3,
854 4127 900 4204 11)
922 4127 964 4186 sic
985 4127 1101 4185 scribit:
1123 4132 1150 4185 in
1170 4129 1325 4207 Papiriano
1346 4127 1413 4180 euim
1434 4126 1493 4178 iure

147 4221 280 4278 euidenter
300 4221 415 4279 relatum
435 4231 472 4278 est
492 4240 559 4278 arae
578 4226 661 4278 uicem
670 4231 814 4298 praestare
825 4241 904 4297 posse
917 4242 1035 4280 prensam
1048 4223 1174 4280 dicatam.
1205 4231 1234 4277 ut
1253 4226 1280 4276 in
1296 4217 1392 4292 amplo
1407 4219 1493 4290 inquit

147 4316 263 4372 Iunonis
282 4315 454 4390 Populoniae
474 4327 589 4394 eupasia
607 4336 699 4373 mensa
718 4327 762 4373 est.
793 4336 908 4392 namque
927 4319 1047 4402 insanis
1066 4317 1123 4374 aliu
1141 4335 1269 4373 uasorum
1281 4321 1342 4372 aunt
1360 4321 1383 4370 ιι
1396 4327 1493 4368 sacrae

146 4411 325 4485 supellectiles,
345 4411 403 4466 alia
424 4421 649 4470 ornamentorum.
684 4430 753 4486 puae
771 4429 899 4468 vasonem
918 4421 977 4469 sura
996 4415 1162 4468 leutrumeuti
1173 4413 1260 4466 instar
1273 4407 1377 4474 natea
1397 4406 1493 4480 quibus

147 4521 252 4579 seraper
269 4507 406 4579 sacriJicia
427 4510 611 4582 acuminatur,
631 4524 746 4581 quorum
766 4525 856 4564 rerum
872 4510 1025 4582 principem
1044 4507 1132 4564 locum
1153 4508 1250 4580 optinet
1270 4519 1369 4570 raama,
1389 4503 1493 4574 inepta

148 4599 245 4673 epulae
273 4599 463 4674 libationesque
492 4610 517 4658 ιι
545 4605 625 4676 stipes
654 4610 828 4675 reponuntur.
862 4611 1020 4658 ornamenta
1044 4619 1107 4658 uero
1135 4608 1197 4656 sunt
1216 4598 1310 4672 clipei,
1331 4613 1449 4652 coronae
1469 4604 1492 4650 et

148 4693 256 4750 buiusce
280 4695 355 4750 modi
375 4697 502 4752 donaria.
532 4715 617 4771 neque
642 4700 711 4752 enirn
736 4697 898 4754 dedicantur
924 4716 954 4754 en
975 4707 1093 4772 tempore
1120 4713 1173 4768 pua
1199 4691 1313 4749 delubra
1337 4699 1492 4760 sacrantur,

148 4797 177 4843 at
196 4806 259 4846 uero
280 4807 371 4846 marsa
391 4792 539 4865 amiceque
557 4793 647 4849 eodem
668 4792 712 4848 die
732 4809 784 4865 prro
805 4795 885 4850 aedes
905 4796 980 4868 ipsae
1001 4777 1124 4848 dedicari
1142 4789 1235 4857 ιοὶιιιι,
1255 4788 1325 4844 uude
1337 4803 1429 4842 mensa
1443 4785 1493 4841 boc

148 4885 202 4938 rittr
221 4883 348 4940 dedicata
366 4888 394 4942 in
414 4888 512 4960 templo
533 4904 599 4942 arae
618 4905 694 4942 usum
713 4895 736 4942 et
755 4887 909 4961 relipioneru
930 4889 1031 4962 optinet
1045 4887 1208 4961 puluinaria.
1244 4881 1338 4940 Multa
1357 4879 1492 4954 exempla

149 4991 312 5035 mensarum
332 4985 391 5038 tam
413 4981 441 5045 in
461 4980 653 5039 monumentis
674 4995 877 5054 expressarum
894 4997 980 5056 quam
1001 4979 1081 5059 apud
1097 4979 1256 5056 scriptores
1271 4981 1492 5034 memoratarum
