3574 5592
605 366 769 460 ¹Sacrificio
786 369 986 425 anniversaria.
1440 377 1481 444 57

125 543 274 610 CLAUD.
297 542 326 608 D
350 547 428 618 (nal.

183 648 248 710 dici
269 647 363 726 Aup.)

121 750 162 814 40
176 757 254 827 (nal.
276 746 453 813 Germanici
494 744 564 808 Iovi
601 744 746 830 b(0vcm)
782 745 946 832 m(arem),
984 749 1099 814 Iunoni
1133 767 1278 832 vamum,
1317 747 1481 816 Minervae

121 863 148 915 et
169 855 261 918 diona
281 851 453 925 Drusillae)
538 865 679 912 vaccam.

120 955 159 1018 57
182 955 223 1020 58
240 961 319 1032 (not.
334 955 453 1035 Aprip-

118 1061 211 1140 pinne
244 1060 355 1122 matris
387 1057 453 1118 Nc-

223 1165 325 1236 ronb)

456 563 467 717 ξ
494 600 527 653 ut
548 611 655 672 supro,
678 593 734 656 sed
754 595 893 658 accedit:
915 592 958 658 ad
980 613 1071 658 aram
1094 594 1200 678 gentis
1223 594 1325 660 Iuliae
1340 613 1481 662 vaccam.

493 1012 526 1066 ut
547 1003 608 1078 do,
635 1003 690 1066 scd
717 979 868 1066 accedunt
893 1007 988 1070 iaec:
1020 1005 1123 1071 Saluti
1156 1006 1304 1090 publicae
1338 1029 1480 1094 vaccam,

535 1102 734 1170 Concordiae
748 1103 769 1184 1)
794 1125 934 1172 vaccam.

472 1262 489 1324 ¹)
510 1256 682 1314 Concordiae
703 1257 792 1328 ipsius
811 1260 854 1315 58.

122 1367 173 1445 [55
195 1367 249 1447 bl]
280 1375 359 1444 (nul.
389 1366 456 1430 Nc·
495 1375 528 1428 nl
550 1367 606 1441 lo,
628 1365 685 1427 sed
713 1365 863 1426 accedunt
889 1345 982 1428 baec:
1015 1365 1117 1432 Saluti
1143 1367 1303 1453 [publicae
1326 1373 1480 1452 uaccam],

227 1473 328 1546 ranis)
540 1467 643 1534 Genio
667 1467 735 1531 eius
760 1470 906 1546 [taurum]
926 1460 959 1550 l't

474 1574 480 1606 ¹
512 1571 644 1638 cleersmper'
662 1587 692 1622 cx
705 1571 771 1620 ortis
781 1587 804 1618 n.
818 1570 867 1622 55.-
884 1572 1007 1623 sinn'liter
1019 1573 1124 1624 uidetur
1137 1577 1261 1640 scriplum
1274 1575 1361 1642 finisse
1374 1575 1400 1626 in
1413 1577 1480 1626 nelis

520 1661 545 1693 a.
558 1642 601 1702 57,
619 1644 645 1692 e'n
664 1641 755 1706 quidue
775 1640 865 1705 lapide
882 1645 967 1706 functo
979 1645 1041 1712 scre
1060 1647 1147 1695 omnin
1168 1647 1365 1697 interciderunt.

493 1740 526 1792 ut
548 1731 603 1812 llo,
626 1729 683 1792 sed
704 1729 855 1790 accedunt
876 1730 971 1791 bace:
1004 1727 1106 1794 Saluti
1130 1730 1279 1816 publicae
1301 1750 1433 1795 vaccam
1449 1735 1481 1796 et

539 1829 737 1898 Concordiae
769 1828 900 1894 honoris
928 1831 1130 1916 Agrippinae
1152 1832 1347 1918 Aug(ustae)
1364 1831 1386 1916 ¹)
1410 1852 1482 1903 nae-

539 1931 647 2018 olam),
672 1933 774 1999 Genio
797 1933 899 2017 ipsius
921 1939 1056 1999 taurum.

472 2041 492 2104 ¹)
509 2057 561 2106 pro
584 2038 671 2089 serbis
698 2041 727 2088 et
747 2066 776 2073 —
799 2037 964 2104 Auglustae)
989 2041 1014 2088 in
1038 2041 1102 2090 neris
1121 2057 1145 2090 n.
1159 2041 1193 2092 59
1212 2039 1307 2108 lepiecr
1326 2036 1480 2102 Felicitati,

520 2111 547 2160 in
567 2112 633 2160 actis
651 2127 677 2161 a.
690 2108 725 2160 60
744 2107 888 2160 Felicitati
907 2107 1037 2177 publicae
1056 2123 1168 2162 vaccam
1190 2107 1373 2164 Concordiae.

116 1785 157 1850 58
172 1785 216 1850 59
238 1785 281 1849 60
296 1791 374 1860 (nat.
389 1785 455 1847 Ne-

226 1889 327 1962 conis)

119 2179 252 2346 {525de
268 2183 373 2364 ῗέἕὲ
389 2183 455 2363 Ῑέἷ
494 2239 528 2294 ut
549 2232 605 2307 do,
626 2231 682 2293 scd
704 2231 871 2294 accedunt:
904 2227 1006 2294 Saluti
1030 2228 1180 2312 publicae
1196 2229 1218 2313 ¹)
1242 2249 1383 2296 vaccam.

472 2387 488 2450 ¹)
509 2387 535 2437 r'n
555 2388 620 2438 cetis
640 2387 704 2438 areni
722 2386 756 2437 58
775 2388 885 2451 aprutium
899 2385 1004 2436 videtur
1016 2400 1121 2449 poscere
1135 2382 1225 2436 Saluti
1240 2383 1369 2453 publicae
1384 2386 1479 2457 populi

519 2456 646 2512 Romani.
667 2486 696 2494 -
718 2456 753 2507 In
771 2458 837 2508 notia
856 2452 982 2508 Ninnss
1002 2455 1091 2520 lapide
1102 2455 1193 2521 srnclo
1214 2465 1267 2506 teta
1285 2459 1426 2522 perierunt.

508 2552 542 2606 ut
563 2553 635 2608 nol..
652 2545 845 2625 Aprippinoe
859 2545 899 2605 57
913 2541 966 2618 58,
989 2543 1045 2604 sed
1061 2542 1180 2604 accedit
1196 2541 1329 2626 Gentio)
1345 2542 1479 2630 ips(ius)

551 2641 710 2732 tauru[m].

188 2764 258 2838 Die,
287 2781 344 2840 quo
374 2764 412 2822 ob
439 2763 568 2823 natalem
596 2765 655 2822 diri
684 2763 814 2840 Augusti
839 2764 1060 2838 immolabatur,
1087 2764 1182 2824 altero
1211 2764 1338 2824 Arvales
1367 2765 1478 2825 sacrifi-

112 2861 243 2919 cabant:

113 2967 176 3056 [38]
469 2967 545 3034 divo
568 2967 714 3051 Augusto
739 2965 865 3055 [bovem
886 2967 1030 3056 marem].

112 3073 313 3137 CLAUDD
466 3071 542 3138 divo
575 3072 750 3157 Aug(usto)
782 3071 899 3138 bovem
933 3092 1054 3137 marem
1088 3079 1119 3136 et
1155 3072 1249 3138 divae
1282 3073 1477 3158 Auglustae)

511 3195 652 3240 vaccam.

188 3294 237 3354 De
257 3295 362 3354 ceteris
385 3295 533 3354 natalibus
554 3313 732 3371 quamquam
754 3293 906 3370 lapidibus
936 3295 1038 3353 fruetis
1060 3295 1154 3353 minus
1178 3303 1261 3354 certo
1283 3302 1413 3366 constat,
1436 3293 1476 3352 vi·

110 3389 198 3448 detur
219 3389 248 3446 in
268 3389 303 3448 iis
326 3389 381 3448 soli
401 3389 467 3448 Ioui
488 3391 600 3466 optimo
621 3389 750 3447 maximo
772 3389 825 3447 bos
846 3389 1014 3447 immolatus
1035 3407 1112 3462 esse,
1133 3407 1197 3447 eum
1220 3389 1258 3447 ad
1280 3407 1373 3446 asinos
1395 3389 1430 3446 27
1447 3399 1476 3446 et

110 3485 147 3542 38
169 3484 356 3561 pertineant,
387 3483 494 3559 quibus
526 3483 564 3541 ob
595 3483 712 3541 natales
738 3482 901 3557 principum
929 3501 986 3540 non
1011 3483 1154 3540 immolari
1183 3484 1301 3541 solebat
1322 3483 1377 3540 nisi
1398 3483 1472 3541 lori.

109 3581 202 3636 Anno
224 3585 321 3636 autem
341 3577 379 3634 40
410 3577 449 3636 ob
480 3577 594 3636 natales
627 3575 798 3636 Germanici
825 3584 869 3649 et,
894 3583 927 3634 ut
947 3576 1015 3634 mibi
1037 3576 1170 3650 videtur,
1200 3575 1349 3636 Drusillae
1370 3576 1477 3634 lunoni

110 3689 231 3749 quoqne
252 3679 283 3730 et
302 3671 457 3731 Minervae
478 3671 656 3730 immolatum
677 3677 731 3729 est.
772 3669 810 3728 Id
836 3669 917 3746 qood
949 3671 1049 3730 nescio
1070 3678 1165 3729 utrum
1188 3687 1223 3729 eo
1244 3688 1321 3729 anno
1341 3672 1476 3730 omnibus

110 3766 262 3827 natalibus
284 3766 394 3828 laetum
416 3765 454 3826 sit
475 3772 505 3825 et
525 3774 595 3841 post
615 3771 737 3824 mortem
752 3763 785 3823 C.
803 3763 940 3823 Caesaris
957 3765 1106 3840 omissum,
1127 3782 1165 3824 en
1179 3765 1209 3824 in
1224 3763 1366 3823 bonorem
1380 3765 1474 3841 patris

109 3861 199 3920 modo
216 3859 386 3936 sororisque
401 3859 611 3920 dilectissimae
625 3859 751 3918 lactum:
766 3875 833 3916 nam
848 3865 916 3916 acta
932 3857 1039 3916 Claud.
1055 3859 1092 3934 D,
1114 3875 1292 3936 quamquam
1307 3858 1475 3935 posteriora

68 3945 74 3966 ’
109 3965 190 4030 sunt,
212 3954 307 4013 solnm
328 3955 429 4014 Iovem
452 3955 617 4026 nominent,
638 3951 778 4012 adiuncto
799 3949 944 4009 sacrificio
970 3952 1009 4011 ad
1038 3970 1119 4012 arem
1145 3953 1243 4028 gentis
1265 3951 1363 4012 Iuliae
1384 3953 1475 4026 lacto,

109 4066 176 4106 com
198 4047 238 4107 ad
259 4047 357 4108 divum
378 4051 546 4125 Augustum
567 4065 682 4108 sacrum
699 4045 855 4122 pertineat.
884 4043 969 4105 Haec
988 4065 1041 4106 ara
1055 4047 1342 4107 commemoratorio
1364 4047 1474 4106 tabulis

110 4159 190 4220 qnae
217 4142 356 4203 dicuntur
381 4143 524 4203 honestae
551 4141 699 4200 missionis
721 4139 750 4198 C.
764 4141 790 4197 Ι.
806 4140 843 4197 L.
864 4141 881 4197 3
902 4157 950 4198 nn.
970 4141 990 4198 4
1011 4143 1028 4200 5
1051 4144 1068 4200 6
1090 4139 1105 4200 'l
1129 4143 1146 4200 8
1167 4141 1204 4201 de
1225 4159 1319 4220 eaque
1339 4141 1473 4217 pluribus

108 4237 251 4297 disseruit
271 4237 471 4296 Mommsenns
491 4237 567 4295 Ball.
589 4239 650 4293 inst.
672 4233 746 4292 arob.
770 4235 843 4293 1845
864 4251 893 4310 p.
922 4235 985 4292 122.
1016 4265 1056 4278 —
1085 4236 1201 4296 Deinde
1223 4235 1351 4295 Neronis
1377 4241 1473 4294 aetate

109 4335 232 4408 practer
251 4331 354 4392 Iovem
369 4331 457 4406 Iuno,
478 4331 622 4410 Minerva,
643 4327 731 4389 Salus
746 4329 867 4406 publica
881 4334 1055 4388 constanter
1064 4329 1093 4388 in
1109 4331 1184 4390 actis
1200 4335 1473 4402 commemorantur,

108 4424 148 4484 ad
170 4441 282 4502 easque
302 4426 421 4486 accedit
443 4423 624 4497 Concordia,
645 4440 711 4481 cum
731 4441 786 4498 pro
807 4423 979 4499 Agrippina
999 4441 1115 4484 sacrum
1136 4425 1184 4498 lit;
1205 4441 1260 4502 pro
1275 4423 1395 4483 Nerone
1407 4441 1472 4482 cum

110 4517 307 4594 sacrificatur,
327 4520 410 4579 annis
431 4518 579 4596 prioribus
601 4517 713 4578 Genius
739 4517 801 4576 eius
828 4516 963 4590 additur,
994 4519 1081 4578 annis
1110 4519 1326 4595 posterioribus
1353 4527 1473 4594 praeter

109 4611 237 4672 Genium
258 4613 428 4675 Concordia
456 4613 578 4673 honoris
598 4611 786 4688 Agrippinae
818 4611 885 4671 riva
907 4629 951 4686 ee,
972 4619 1043 4688 post
1063 4611 1184 4672 caedem
1205 4613 1307 4672 matris
1329 4611 1471 4672 Felicitas

108 4705 291 4766 Felicitasre
312 4709 435 4784 publica
454 4707 505 4786 (cl.
527 4706 566 4765 ad
592 4705 738 4764 sacrificia
764 4706 802 4764 ob
827 4706 979 4782 imperium
999 4705 1107 4784 lacta),
1135 4706 1164 4766 in
1184 4707 1260 4766 actis
1281 4725 1309 4766 a.
1324 4707 1361 4764 60
1382 4706 1470 4764 etiam

111 4799 294 4862 Concordia
329 4801 380 4862 Ad
400 4801 574 4862 sacrificium
596 4799 675 4878 qnod
696 4801 734 4860 ob
755 4799 886 4861 natalem
906 4801 965 4860 divi
983 4801 1116 4876 Augusti
1136 4801 1165 4859 in
1184 4801 1295 4877 templo
1316 4815 1392 4858 noro
1414 4800 1472 4876 ipsi

110 4893 180 4953 divo
206 4897 347 4972 Augusto
368 4897 468 4971 tiebat,
490 4898 527 4958 ab
549 4914 585 4956 eo
604 4895 673 4954 inde
699 4899 842 4972 tempore,
864 4914 922 4973 qno
943 4914 962 4956 a
983 4895 1112 4956 Claudio
1132 4896 1207 4956 inter
1228 4895 1300 4956 deos
1321 4893 1409 4954 Liria
1429 4911 1472 4954 re·

109 4989 251 5071 luteast,
272 5009 387 5052 sacrum
408 4993 538 5054 accessit
558 4991 642 5050 dirae
665 4991 821 5068 Augustae
841 4989 950 5050 ibidem
971 4989 1146 5052 iaciendum.

115 2595 201 2674 [aaa]
217 2601 296 2672 (not.
307 2565 485 2718 Galeriam}
