<?xml version="1.0" encoding="UTF-8"?>
<!DOCTYPE html PUBLIC "-//W3C//DTD XHTML 1.0 Transitional//EN"
    "http://www.w3.org/TR/xhtml1/DTD/xhtml1-transitional.dtd">
<html xmlns="http://www.w3.org/1999/xhtml" xml:lang="en" lang="en">
 <head>
  <title>
</title>
<meta http-equiv="Content-Type" content="text/html;charset=utf-8" />
  <meta name='ocr-system' content='tesseract 3.04.00' />
  <meta name='ocr-capabilities' content='ocr_page ocr_carea ocr_par ocr_line ocrx_word'/>
</head>
<body>
  <div class='ocr_page' id='page_1' title='image "./actafratrumarva01henzgoog_0068.png"; bbox 0 0 3644 5592; ppageno 0'>
   <div class='ocr_carea' id='block_1_1' title="bbox 136 673 1650 1081">
    <p class='ocr_par' dir='ltr' id='par_1_1' title="bbox 136 673 1650 1081">
     <span class='ocr_line' id='line_1_1' title="bbox 226 673 1526 772; baseline -0.018 -14"><span class='ocrx_word' id='word_1_1' title='bbox 226 697 258 758; x_wconf 87' lang='lat' dir='ltr'><strong><em>P.</em></strong></span> <span class='ocrx_word' id='word_1_2' title='bbox 281 689 442 756; x_wconf 82' lang='lat' dir='ltr'>Memmius</span> <span class='ocrx_word' id='word_1_3' title='bbox 464 689 607 772; x_wconf 61' lang='lat' dir='ltr'><strong><em>Mantus,</em></strong></span> <span class='ocrx_word' id='word_1_4' title='bbox 633 727 1158 752; x_wconf 92' lang='grc'><strong>......................</strong></span> <span class='ocrx_word' id='word_1_5' title='bbox 1176 679 1208 741; x_wconf 86' lang='lat' dir='ltr'><strong><em>G.</em></strong></span> <span class='ocrx_word' id='word_1_6' title='bbox 1233 674 1419 757; x_wconf 68' lang='lat' dir='ltr'><strong><em>Calpurnius</em></strong></span> <span class='ocrx_word' id='word_1_7' title='bbox 1441 673 1526 738; x_wconf 90' lang='lat' dir='ltr'><strong><em>Piso.</em></strong></span> 
     </span>
     <span class='ocr_line' id='line_1_2' title="bbox 226 787 1650 880; baseline -0.025 -18"><span class='ocrx_word' id='word_1_8' title='bbox 226 794 329 880; x_wconf 76' lang='lat' dir='ltr'><strong><em>alnie)</em></strong></span> <span class='ocrx_word' id='word_1_9' title='bbox 353 791 466 876; x_wconf 67' lang='lat' dir='ltr'><strong><em>dfiem)</em></strong></span> <span class='ocrx_word' id='word_1_10' title='bbox 488 789 558 856; x_wconf 86' lang='lat' dir='ltr'><strong><em>llll</em></strong></span> <span class='ocrx_word' id='word_1_11' title='bbox 577 793 677 868; x_wconf 74' lang='lat' dir='ltr'><strong><em>idlae)</em></strong></span> <span class='ocrx_word' id='word_1_12' title='bbox 701 787 875 874; x_wconf 83' lang='lat' dir='ltr'><strong><em>Octobr(es)</em></strong></span> <span class='ocrx_word' id='word_1_13' title='bbox 1092 811 1099 826; x_wconf 88' lang='lat'>·</span> <span class='ocrx_word' id='word_1_14' title='bbox 1559 789 1606 829; x_wconf 77' lang='lat' dir='ltr'><strong><em>aa.</em></strong></span> <span class='ocrx_word' id='word_1_15' title='bbox 1626 791 1650 828; x_wconf 73' lang='grc' dir='ltr'><strong>η</strong></span> 
     </span>
     <span class='ocr_line' id='line_1_3' title="bbox 185 880 1472 976; baseline -0.019 -11"><span class='ocrx_word' id='word_1_16' title='bbox 185 903 306 965; x_wconf 81' lang='lat' dir='ltr'><strong><em>Taurus</em></strong></span> <span class='ocrx_word' id='word_1_17' title='bbox 327 898 469 960; x_wconf 75' lang='lat' dir='ltr'><strong><em>Statilius</em></strong></span> <span class='ocrx_word' id='word_1_18' title='bbox 492 895 645 960; x_wconf 75' lang='lat' dir='ltr'><strong><em>Corvinus</em></strong></span> <span class='ocrx_word' id='word_1_19' title='bbox 666 895 871 976; x_wconf 72' lang='lat' dir='ltr'><strong><em>pramaqisler</em></strong></span> <span class='ocrx_word' id='word_1_20' title='bbox 892 892 1012 972; x_wconf 73' lang='lat' dir='ltr'><strong><em>calteaii</em></strong></span> <span class='ocrx_word' id='word_1_21' title='bbox 1033 890 1167 970; x_wconf 75' lang='lat' dir='ltr'><strong><em>fratrum</em></strong></span> <span class='ocrx_word' id='word_1_22' title='bbox 1188 885 1350 947; x_wconf 82' lang='lat' dir='ltr'><strong><em>Arvalium</em></strong></span> <span class='ocrx_word' id='word_1_23' title='bbox 1370 880 1472 944; x_wconf 83' lang='lat' dir='ltr'><strong><em>aomi-</em></strong></span> 
     </span>
     <span class='ocr_line' id='line_1_4' title="bbox 136 982 1528 1081; baseline -0.018 -12"><span class='ocrx_word' id='word_1_24' title='bbox 136 1011 151 1050; x_wconf 89' lang='lat'>⁵</span> <span class='ocrx_word' id='word_1_25' title='bbox 226 1025 264 1067; x_wconf 84' lang='lat' dir='ltr'><strong><em>ne</em></strong></span> <span class='ocrx_word' id='word_1_26' title='bbox 285 1006 318 1066; x_wconf 87' lang='lat' dir='ltr'><strong><em>ia</em></strong></span> <span class='ocrx_word' id='word_1_27' title='bbox 341 1001 450 1081; x_wconf 84' lang='lat' dir='ltr'><strong><em>templo</em></strong></span> <span class='ocrx_word' id='word_1_28' title='bbox 472 1019 553 1062; x_wconf 85' lang='lat' dir='ltr'><strong><em>nasa</em></strong></span> <span class='ocrx_word' id='word_1_29' title='bbox 575 1000 613 1062; x_wconf 90' lang='lat' dir='ltr'><strong><em>ab</em></strong></span> <span class='ocrx_word' id='word_1_30' title='bbox 635 999 820 1079; x_wconf 69' lang='lat' dir='ltr'><strong><em>Araqustalia</em></strong></span> <span class='ocrx_word' id='word_1_31' title='bbox 842 997 913 1072; x_wconf 72' lang='lat' dir='ltr'><strong><em>&lt;lieo</em></strong></span> <span class='ocrx_word' id='word_1_32' title='bbox 935 997 1070 1075; x_wconf 78' lang='lat' dir='ltr'><strong><em>Aayasta</em></strong></span> <span class='ocrx_word' id='word_1_33' title='bbox 1094 992 1198 1054; x_wconf 84' lang='lat' dir='ltr'><strong><em>bacam</em></strong></span> <span class='ocrx_word' id='word_1_34' title='bbox 1224 1006 1338 1051; x_wconf 88' lang='lat' dir='ltr'><strong><em>marem</em></strong></span> <span class='ocrx_word' id='word_1_35' title='bbox 1360 982 1528 1047; x_wconf 71' lang='lat' dir='ltr'><strong><em>inmolavit.</em></strong></span> 
     </span>
    </p>
   </div>
   <div class='ocr_carea' id='block_1_2' title="bbox 184 1109 429 1191">
    <p class='ocr_par' dir='ltr' id='par_1_2' title="bbox 184 1109 429 1191">
     <span class='ocr_line' id='line_1_5' title="bbox 184 1109 429 1191; baseline -0.024 -19"><span class='ocrx_word' id='word_1_36' title='bbox 184 1109 351 1191; x_wconf 76' lang='lat' dir='ltr'><strong><em>adfuerant</em></strong></span> <span class='ocrx_word' id='word_1_37' title='bbox 373 1113 429 1168; x_wconf 87' lang='lat' dir='ltr'><strong><em>cet.</em></strong></span> 
     </span>
    </p>
   </div>
   <div class='ocr_carea' id='block_1_3' title="bbox 136 1309 1529 2428">
    <p class='ocr_par' dir='ltr' id='par_1_3' title="bbox 136 1309 1221 1493">
     <span class='ocr_line' id='line_1_6' title="bbox 846 1309 865 1369; baseline 0 0"><span class='ocrx_word' id='word_1_38' title='bbox 846 1309 865 1369; x_wconf 82' lang='lat' dir='ltr'><strong><em>t</em></strong></span> 
     </span>
     <span class='ocr_line' id='line_1_7' title="bbox 136 1404 1221 1493; baseline -0.008 -14"><span class='ocrx_word' id='word_1_39' title='bbox 136 1418 150 1456; x_wconf 88' lang='lat'><strong>¹</strong></span> <span class='ocrx_word' id='word_1_40' title='bbox 227 1418 328 1493; x_wconf 71' lang='lat' dir='ltr'><strong><em>emta)</em></strong></span> <span class='ocrx_word' id='word_1_41' title='bbox 351 1414 461 1493; x_wconf 76' lang='lat' dir='ltr'><strong><em>elliam)</em></strong></span> <span class='ocrx_word' id='word_1_42' title='bbox 483 1458 648 1478; x_wconf 90' lang='grc'><strong>......</strong></span> <span class='ocrx_word' id='word_1_43' title='bbox 673 1409 791 1475; x_wconf 86' lang='lat' dir='ltr'><strong><em>Octab?</em></strong></span> <span class='ocrx_word' id='word_1_44' title='bbox 813 1411 970 1475; x_wconf 85' lang='lat' dir='ltr'><strong><em>Naaemb?</em></strong></span> <span class='ocrx_word' id='word_1_45' title='bbox 991 1404 1221 1490; x_wconf 74' lang='lat' dir='ltr'><strong><em>Decembtr(es)</em></strong></span> 
     </span>
    </p>

    <p class='ocr_par' dir='ltr' id='par_1_4' title="bbox 184 1505 1498 1807">
     <span class='ocr_line' id='line_1_8' title="bbox 184 1505 1493 1596; baseline -0.012 -14"><span class='ocrx_word' id='word_1_46' title='bbox 184 1519 304 1582; x_wconf 80' lang='lat' dir='ltr'><strong><em>Taurus</em></strong></span> <span class='ocrx_word' id='word_1_47' title='bbox 325 1519 466 1580; x_wconf 75' lang='lat' dir='ltr'><strong><em>Statilius</em></strong></span> <span class='ocrx_word' id='word_1_48' title='bbox 490 1515 639 1580; x_wconf 82' lang='lat' dir='ltr'><strong><em>Coruinus</em></strong></span> <span class='ocrx_word' id='word_1_49' title='bbox 658 1517 862 1596; x_wconf 75' lang='lat' dir='ltr'><strong><em>pramaqister</em></strong></span> <span class='ocrx_word' id='word_1_50' title='bbox 884 1513 1011 1594; x_wconf 83' lang='lat' dir='ltr'><strong><em>collegii</em></strong></span> <span class='ocrx_word' id='word_1_51' title='bbox 1034 1513 1165 1578; x_wconf 81' lang='lat' dir='ltr'><strong><em>fratrum</em></strong></span> <span class='ocrx_word' id='word_1_52' title='bbox 1187 1507 1350 1586; x_wconf 79' lang='lat' dir='ltr'><strong><em>Arvalium</em></strong></span> <span class='ocrx_word' id='word_1_53' title='bbox 1372 1505 1493 1568; x_wconf 85' lang='lat' dir='ltr'><strong><em>nomine</em></strong></span> 
     </span>
     <span class='ocr_line' id='line_1_9' title="bbox 226 1610 1498 1701; baseline -0.01 -16"><span class='ocrx_word' id='word_1_54' title='bbox 226 1622 264 1685; x_wconf 88' lang='lat' dir='ltr'><strong><em>ab</em></strong></span> <span class='ocrx_word' id='word_1_55' title='bbox 285 1641 403 1684; x_wconf 86' lang='lat' dir='ltr'><strong><em>ramum</em></strong></span> <span class='ocrx_word' id='word_1_56' title='bbox 425 1629 573 1684; x_wconf 80' lang='lat' dir='ltr'><strong><em>vetustate</em></strong></span> <span class='ocrx_word' id='word_1_57' title='bbox 596 1621 755 1701; x_wconf 86' lang='lat' dir='ltr'><strong><em>delapsam</em></strong></span> <span class='ocrx_word' id='word_1_58' title='bbox 776 1621 809 1680; x_wconf 83' lang='lat' dir='ltr'><strong><em>ia</em></strong></span> <span class='ocrx_word' id='word_1_59' title='bbox 832 1619 901 1681; x_wconf 86' lang='lat' dir='ltr'><strong><em>laec</em></strong></span> <span class='ocrx_word' id='word_1_60' title='bbox 925 1615 1005 1683; x_wconf 86' lang='lat' dir='ltr'><strong><em>deae</em></strong></span> <span class='ocrx_word' id='word_1_61' title='bbox 1027 1616 1109 1681; x_wconf 86' lang='lat' dir='ltr'><strong><em>Diae</em></strong></span> <span class='ocrx_word' id='word_1_62' title='bbox 1131 1610 1317 1679; x_wconf 85' lang='lat' dir='ltr'><strong><em>sacrificium</em></strong></span> <span class='ocrx_word' id='word_1_63' title='bbox 1336 1611 1498 1693; x_wconf 82' lang='lat' dir='ltr'><strong><em>piaculare</em></strong></span> 
     </span>
     <span class='ocr_line' id='line_1_10' title="bbox 223 1720 845 1807; baseline -0.005 -18"><span class='ocrx_word' id='word_1_64' title='bbox 223 1727 299 1807; x_wconf 80' lang='lat' dir='ltr'><strong><em>[ecit</em></strong></span> <span class='ocrx_word' id='word_1_65' title='bbox 320 1743 498 1805; x_wconf 84' lang='lat' dir='ltr'><strong><em>ramumque</em></strong></span> <span class='ocrx_word' id='word_1_66' title='bbox 520 1722 681 1804; x_wconf 76' lang='lat' dir='ltr'><strong><em>exportari</em></strong></span> <span class='ocrx_word' id='word_1_67' title='bbox 704 1722 797 1787; x_wconf 78' lang='lat' dir='ltr'><strong><em>iusSIt</em></strong></span> <span class='ocrx_word' id='word_1_68' title='bbox 813 1720 845 1802; x_wconf 85' lang='lat'><strong><em>¹).</em></strong></span> 
     </span>
    </p>

    <p class='ocr_par' dir='ltr' id='par_1_5' title="bbox 141 1822 1529 2428">
     <span class='ocr_line' id='line_1_11' title="bbox 141 1822 985 1910; baseline -0.006 -17"><span class='ocrx_word' id='word_1_69' title='bbox 141 1826 155 1864; x_wconf 84' lang='lat'>⁵</span> <span class='ocrx_word' id='word_1_70' title='bbox 227 1835 327 1910; x_wconf 73' lang='lat' dir='ltr'><strong><em>alate)</em></strong></span> <span class='ocrx_word' id='word_1_71' title='bbox 349 1830 458 1904; x_wconf 71' lang='lat' dir='ltr'><strong><em>elliam)</em></strong></span> <span class='ocrx_word' id='word_1_72' title='bbox 481 1826 556 1889; x_wconf 84' lang='lat' dir='ltr'><strong><em>XVI</em></strong></span> <span class='ocrx_word' id='word_1_73' title='bbox 575 1827 753 1902; x_wconf 65' lang='lat' dir='ltr'><strong><em>Maleatas)</em></strong></span> <span class='ocrx_word' id='word_1_74' title='bbox 775 1822 985 1907; x_wconf 80' lang='lat' dir='ltr'><strong><em>Deccmbr(es)</em></strong></span> 
     </span>
     <span class='ocr_line' id='line_1_12' title="bbox 186 1922 1494 2011; baseline -0.008 -16"><span class='ocrx_word' id='word_1_75' title='bbox 186 1933 305 1996; x_wconf 84' lang='lat' dir='ltr'><strong><em>Taurus</em></strong></span> <span class='ocrx_word' id='word_1_76' title='bbox 326 1933 468 1995; x_wconf 84' lang='lat' dir='ltr'><strong><em>Statilius</em></strong></span> <span class='ocrx_word' id='word_1_77' title='bbox 491 1930 641 1994; x_wconf 82' lang='lat' dir='ltr'><strong><em>Corvinus</em></strong></span> <span class='ocrx_word' id='word_1_78' title='bbox 661 1932 864 2011; x_wconf 71' lang='lat' dir='ltr'><strong><em>pramaqister</em></strong></span> <span class='ocrx_word' id='word_1_79' title='bbox 886 1928 1014 2010; x_wconf 84' lang='lat' dir='ltr'><strong><em>collegii</em></strong></span> <span class='ocrx_word' id='word_1_80' title='bbox 1037 1925 1169 1990; x_wconf 83' lang='lat' dir='ltr'><strong><em>fratrum</em></strong></span> <span class='ocrx_word' id='word_1_81' title='bbox 1190 1925 1352 1988; x_wconf 79' lang='lat' dir='ltr'><strong><em>Arvalium</em></strong></span> <span class='ocrx_word' id='word_1_82' title='bbox 1374 1922 1494 1986; x_wconf 81' lang='lat' dir='ltr'><strong><em>nornine</em></strong></span> 
     </span>
     <span class='ocr_line' id='line_1_13' title="bbox 226 2030 1529 2116; baseline -0.006 -18"><span class='ocrx_word' id='word_1_83' title='bbox 226 2037 385 2099; x_wconf 76' lang='lat' dir='ltr'><strong><em>inmolavit</em></strong></span> <span class='ocrx_word' id='word_1_84' title='bbox 399 2036 498 2098; x_wconf 82' lang='lat' dir='ltr'><strong><em>natali</em></strong></span> <span class='ocrx_word' id='word_1_85' title='bbox 515 2034 557 2096; x_wconf 81' lang='lat' dir='ltr'><strong><em>fi.</em></strong></span> <span class='ocrx_word' id='word_1_86' title='bbox 572 2035 742 2116; x_wconf 72' lang='lat' dir='ltr'><strong><em>Caesarlis)</em></strong></span> <span class='ocrx_word' id='word_1_87' title='bbox 753 2032 889 2116; x_wconf 83' lang='lat' dir='ltr'><strong><em>Augusti</em></strong></span> <span class='ocrx_word' id='word_1_88' title='bbox 904 2033 937 2096; x_wconf 90' lang='lat' dir='ltr'><strong><em>in</em></strong></span> <span class='ocrx_word' id='word_1_89' title='bbox 949 2030 1106 2116; x_wconf 84' lang='lat' dir='ltr'><strong><em>Capitolia</em></strong></span> <span class='ocrx_word' id='word_1_90' title='bbox 1123 2031 1190 2091; x_wconf 86' lang='lat' dir='ltr'><strong><em>laci</em></strong></span> <span class='ocrx_word' id='word_1_91' title='bbox 1205 2031 1348 2109; x_wconf 75' lang='lat' dir='ltr'><strong><em>alplimo)</em></strong></span> <span class='ocrx_word' id='word_1_92' title='bbox 1364 2031 1529 2104; x_wconf 66' lang='lat' dir='ltr'><strong><em>marimo)</em></strong></span> 
     </span>
     <span class='ocr_line' id='line_1_14' title="bbox 1242 2137 1528 2222; baseline 0.021 -24"><span class='ocrx_word' id='word_1_93' title='bbox 1242 2137 1346 2200; x_wconf 87' lang='lat' dir='ltr'><strong><em>baaem</em></strong></span> <span class='ocrx_word' id='word_1_94' title='bbox 1367 2163 1481 2204; x_wconf 86' lang='lat' dir='ltr'><strong><em>marem</em></strong></span> <span class='ocrx_word' id='word_1_95' title='bbox 1494 2139 1528 2222; x_wconf 80' lang='lat'><strong><em>&#39;).</em></strong></span> 
     </span>
     <span class='ocr_line' id='line_1_15' title="bbox 183 2237 1326 2326; baseline -0.003 -19"><span class='ocrx_word' id='word_1_96' title='bbox 183 2245 351 2326; x_wconf 73' lang='lat' dir='ltr'><strong><em>adfuerant</em></strong></span> <span class='ocrx_word' id='word_1_97' title='bbox 372 2245 499 2307; x_wconf 81' lang='lat' dir='ltr'><strong><em>Paullus</em></strong></span> <span class='ocrx_word' id='word_1_98' title='bbox 520 2245 634 2307; x_wconf 80' lang='lat' dir='ltr'><strong><em>Fabius</em></strong></span> <span class='ocrx_word' id='word_1_99' title='bbox 655 2245 807 2322; x_wconf 79' lang='lat' dir='ltr'><strong><em>Persicus,</em></strong></span> <span class='ocrx_word' id='word_1_100' title='bbox 831 2244 884 2308; x_wconf 80' lang='lat' dir='ltr'><strong><em>Ca.</em></strong></span> <span class='ocrx_word' id='word_1_101' title='bbox 908 2242 1065 2308; x_wconf 76' lang='lat' dir='ltr'><strong><em>Domitius</em></strong></span> <span class='ocrx_word' id='word_1_102' title='bbox 1088 2237 1326 2322; x_wconf 82' lang='lat' dir='ltr'><strong><em>Ahenobarbus,</em></strong></span> 
     </span>
     <span class='ocr_line' id='line_1_16' title="bbox 227 2345 1400 2428; baseline 0 -19"><span class='ocrx_word' id='word_1_103' title='bbox 227 2395 234 2410; x_wconf 93' lang='lat'><strong><em>.</em></strong></span> <span class='ocrx_word' id='word_1_104' title='bbox 259 2395 265 2410; x_wconf 92' lang='lat'><em>.</em></span> <span class='ocrx_word' id='word_1_105' title='bbox 290 2395 297 2410; x_wconf 93' lang='lat'><em>.</em></span> <span class='ocrx_word' id='word_1_106' title='bbox 322 2396 329 2410; x_wconf 91' lang='lat'><em>.</em></span> <span class='ocrx_word' id='word_1_107' title='bbox 354 2396 361 2410; x_wconf 93' lang='lat'><em>.</em></span> <span class='ocrx_word' id='word_1_108' title='bbox 386 2397 393 2412; x_wconf 93' lang='lat'><strong><em>.</em></strong></span> <span class='ocrx_word' id='word_1_109' title='bbox 417 2392 424 2411; x_wconf 91' lang='grc'><strong><em>.-</em></strong></span> <span class='ocrx_word' id='word_1_110' title='bbox 448 2396 1024 2413; x_wconf 90' lang='grc'><strong>...................</strong></span> <span class='ocrx_word' id='word_1_111' title='bbox 1049 2345 1082 2411; x_wconf 81' lang='lat'><strong><em>0.</em></strong></span> <span class='ocrx_word' id='word_1_112' title='bbox 1106 2345 1245 2411; x_wconf 77' lang='lat' dir='ltr'><strong><em>Caecina</em></strong></span> <span class='ocrx_word' id='word_1_113' title='bbox 1265 2345 1400 2428; x_wconf 79' lang='lat' dir='ltr'><strong><em>Largus.</em></strong></span> 
     </span>
    </p>
   </div>
   <div class='ocr_carea' id='block_1_4' title="bbox 181 3051 1531 4094">
    <p class='ocr_par' dir='ltr' id='par_1_6' title="bbox 181 3051 1531 3652">
     <span class='ocr_line' id='line_1_17' title="bbox 245 3051 1529 3124; baseline 0.002 -19"><span class='ocrx_word' id='word_1_114' title='bbox 245 3054 269 3121; x_wconf 81' lang='lat' dir='ltr'><strong><em>f</em></strong></span> <span class='ocrx_word' id='word_1_115' title='bbox 286 3054 401 3123; x_wconf 85' lang='lat' dir='ltr'><strong><em>propter</em></strong></span> <span class='ocrx_word' id='word_1_116' title='bbox 419 3057 658 3106; x_wconf 88' lang='lat' dir='ltr'><strong><em>commemoratum</em></strong></span> <span class='ocrx_word' id='word_1_117' title='bbox 675 3051 830 3105; x_wconf 88' lang='lat' dir='ltr'><strong><em>Mammium</em></strong></span> <span class='ocrx_word' id='word_1_118' title='bbox 882 3053 1002 3122; x_wconf 84' lang='lat' dir='ltr'><strong><em>Augusti</em></strong></span> <span class='ocrx_word' id='word_1_119' title='bbox 1014 3054 1048 3121; x_wconf 87' lang='lat' dir='ltr'><strong><em>(v.</em></strong></span> <span class='ocrx_word' id='word_1_120' title='bbox 1060 3055 1095 3121; x_wconf 84' lang='lat' dir='ltr'><strong><em>l),</em></strong></span> <span class='ocrx_word' id='word_1_121' title='bbox 1109 3051 1274 3108; x_wconf 87' lang='lat' dir='ltr'><strong><em>documenta</em></strong></span> <span class='ocrx_word' id='word_1_122' title='bbox 1285 3053 1529 3124; x_wconf 85' lang='lat' dir='ltr'><strong><em>estimperatarsm</em></strong></span> 
     </span>
     <span class='ocr_line' id='line_1_18' title="bbox 181 3138 1528 3211; baseline 0.002 -18"><span class='ocrx_word' id='word_1_123' title='bbox 181 3138 318 3209; x_wconf 78' lang='lat' dir='ltr'><strong><em>Regulum</em></strong></span> <span class='ocrx_word' id='word_1_124' title='bbox 334 3138 550 3210; x_wconf 85' lang='lat' dir='ltr'><strong><em>adposteriorss</em></strong></span> <span class='ocrx_word' id='word_1_125' title='bbox 566 3139 830 3195; x_wconf 83' lang='lat' dir='ltr'><strong><em>annimensesrcfe·</em></strong></span> <span class='ocrx_word' id='word_1_126' title='bbox 882 3143 1048 3199; x_wconf 84' lang='lat' dir='ltr'><strong><em>nominatum</em></strong></span> <span class='ocrx_word' id='word_1_127' title='bbox 1068 3159 1140 3207; x_wconf 87' lang='lat' dir='ltr'><strong><em>esse,</em></strong></span> <span class='ocrx_word' id='word_1_128' title='bbox 1160 3158 1276 3211; x_wconf 84' lang='lat' dir='ltr'><strong><em>sumque</em></strong></span> <span class='ocrx_word' id='word_1_129' title='bbox 1295 3141 1449 3206; x_wconf 80' lang='lat' dir='ltr'><strong><em>Tiberium,</em></strong></span> <span class='ocrx_word' id='word_1_130' title='bbox 1469 3159 1528 3196; x_wconf 91' lang='lat' dir='ltr'><strong><em>cum</em></strong></span> 
     </span>
     <span class='ocr_line' id='line_1_19' title="bbox 181 3226 1528 3304; baseline 0.004 -24"><span class='ocrx_word' id='word_1_131' title='bbox 181 3226 295 3280; x_wconf 87' lang='lat' dir='ltr'><strong><em>rendum</em></strong></span> <span class='ocrx_word' id='word_1_132' title='bbox 306 3231 358 3282; x_wconf 85' lang='lat' dir='ltr'><strong><em>ast·</em></strong></span> <span class='ocrx_word' id='word_1_133' title='bbox 370 3227 497 3282; x_wconf 85' lang='lat' dir='ltr'><strong><em>Litterae</em></strong></span> <span class='ocrx_word' id='word_1_134' title='bbox 507 3231 597 3280; x_wconf 85' lang='lat' dir='ltr'><strong><em>nutem</em></strong></span> <span class='ocrx_word' id='word_1_135' title='bbox 611 3233 755 3298; x_wconf 78' lang='lat' dir='ltr'><strong><em>quaesunt</em></strong></span> <span class='ocrx_word' id='word_1_136' title='bbox 768 3226 829 3284; x_wconf 89' lang='lat' dir='ltr'><strong><em>O·N</em></strong></span> <span class='ocrx_word' id='word_1_137' title='bbox 869 3231 912 3286; x_wconf 68' lang='lat' dir='ltr'><strong><em>a.</em></strong></span> <span class='ocrx_word' id='word_1_138' title='bbox 927 3230 1030 3286; x_wconf 82' lang='lat' dir='ltr'><strong><em>Caesar</em></strong></span> <span class='ocrx_word' id='word_1_139' title='bbox 1043 3229 1206 3304; x_wconf 66' lang='lat' dir='ltr'><strong><em>cognomine</em></strong></span> <span class='ocrx_word' id='word_1_140' title='bbox 1221 3230 1378 3286; x_wconf 87' lang='lat' dir='ltr'><strong><em>Germanici</em></strong></span> <span class='ocrx_word' id='word_1_141' title='bbox 1397 3247 1450 3285; x_wconf 90' lang='lat' dir='ltr'><strong><em>non</em></strong></span> <span class='ocrx_word' id='word_1_142' title='bbox 1464 3248 1528 3302; x_wconf 85' lang='lat' dir='ltr'><strong><em>pos·</em></strong></span> 
     </span>
     <span class='ocr_line' id='line_1_20' title="bbox 182 3314 1529 3388; baseline 0.007 -22"><span class='ocrx_word' id='word_1_143' title='bbox 182 3314 239 3368; x_wconf 66' lang='lat' dir='ltr'><strong><em>ab</em></strong></span> <span class='ocrx_word' id='word_1_144' title='bbox 260 3329 322 3368; x_wconf 88' lang='lat' dir='ltr'><strong><em>cum</em></strong></span> <span class='ocrx_word' id='word_1_145' title='bbox 349 3315 479 3386; x_wconf 83' lang='lat' dir='ltr'><strong><em>templum</em></strong></span> <span class='ocrx_word' id='word_1_146' title='bbox 503 3332 601 3370; x_wconf 87' lang='lat' dir='ltr'><strong><em>novum</em></strong></span> <span class='ocrx_word' id='word_1_147' title='bbox 625 3316 689 3371; x_wconf 87' lang='lat' dir='ltr'><strong><em>Divi</em></strong></span> <span class='ocrx_word' id='word_1_148' title='bbox 707 3316 828 3384; x_wconf 75' lang='lat' dir='ltr'><strong><em>Augusti</em></strong></span> <span class='ocrx_word' id='word_1_149' title='bbox 882 3319 920 3374; x_wconf 91' lang='lat' dir='ltr'><strong><em>sit</em></strong></span> <span class='ocrx_word' id='word_1_150' title='bbox 938 3335 1041 3383; x_wconf 88' lang='lat' dir='ltr'><strong><em>carere,</em></strong></span> <span class='ocrx_word' id='word_1_151' title='bbox 1061 3317 1165 3372; x_wconf 82' lang='lat' dir='ltr'><strong><em>Cacsar</em></strong></span> <span class='ocrx_word' id='word_1_152' title='bbox 1182 3322 1271 3372; x_wconf 84' lang='lat' dir='ltr'><strong><em>autem</em></strong></span> <span class='ocrx_word' id='word_1_153' title='bbox 1291 3323 1430 3388; x_wconf 74' lang='lat' dir='ltr'><strong><em>Angustus</em></strong></span> <span class='ocrx_word' id='word_1_154' title='bbox 1450 3321 1529 3377; x_wconf 88' lang='lat' dir='ltr'><strong><em>divus</em></strong></span> 
     </span>
     <span class='ocr_line' id='line_1_21' title="bbox 182 3400 1531 3476; baseline 0.007 -23"><span class='ocrx_word' id='word_1_155' title='bbox 182 3400 328 3456; x_wconf 85' lang='lat' dir='ltr'><strong><em>videantur</em></strong></span> <span class='ocrx_word' id='word_1_156' title='bbox 347 3402 478 3468; x_wconf 82' lang='lat' dir='ltr'><strong><em>indicare,</em></strong></span> <span class='ocrx_word' id='word_1_157' title='bbox 509 3403 544 3456; x_wconf 89' lang='lat' dir='ltr'><strong><em>ad</em></strong></span> <span class='ocrx_word' id='word_1_158' title='bbox 566 3404 733 3473; x_wconf 75' lang='lat' dir='ltr'><strong><em>Augustalis</em></strong></span> <span class='ocrx_word' id='word_1_159' title='bbox 757 3405 828 3471; x_wconf 77' lang='lat' dir='ltr'><strong><em>frag·</em></strong></span> <span class='ocrx_word' id='word_1_160' title='bbox 882 3405 1016 3460; x_wconf 89' lang='lat' dir='ltr'><strong><em>dicendus</em></strong></span> <span class='ocrx_word' id='word_1_161' title='bbox 1036 3405 1125 3462; x_wconf 89' lang='lat' dir='ltr'><strong><em>fuerit.</em></strong></span> <span class='ocrx_word' id='word_1_162' title='bbox 1160 3405 1280 3460; x_wconf 82' lang='lat' dir='ltr'><strong><em>Accedit</em></strong></span> <span class='ocrx_word' id='word_1_163' title='bbox 1297 3407 1370 3476; x_wconf 90' lang='lat' dir='ltr'><strong><em>qnod</em></strong></span> <span class='ocrx_word' id='word_1_164' title='bbox 1394 3413 1423 3462; x_wconf 84' lang='lat' dir='ltr'><strong><em>st</em></strong></span> <span class='ocrx_word' id='word_1_165' title='bbox 1446 3409 1531 3463; x_wconf 87' lang='lat' dir='ltr'><strong><em>verba</em></strong></span> 
     </span>
     <span class='ocr_line' id='line_1_22' title="bbox 182 3491 1529 3562; baseline 0.004 -18"><span class='ocrx_word' id='word_1_166' title='bbox 182 3494 309 3544; x_wconf 86' lang='lat' dir='ltr'><strong><em>mentum·</em></strong></span> <span class='ocrx_word' id='word_1_167' title='bbox 333 3491 441 3545; x_wconf 78' lang='lat' dir='ltr'><strong><em>conieci</em></strong></span> <span class='ocrx_word' id='word_1_168' title='bbox 464 3493 620 3562; x_wconf 83' lang='lat' dir='ltr'><strong><em>pertinere:</em></strong></span> <span class='ocrx_word' id='word_1_169' title='bbox 655 3492 690 3546; x_wconf 90' lang='lat' dir='ltr'><strong><em>ef.</em></strong></span> <span class='ocrx_word' id='word_1_170' title='bbox 718 3491 830 3545; x_wconf 79' lang='lat' dir='ltr'><strong><em>tabulae</em></strong></span> <span class='ocrx_word' id='word_1_171' title='bbox 882 3499 911 3550; x_wconf 86' lang='lat' dir='ltr'><strong><em>ia</em></strong></span> <span class='ocrx_word' id='word_1_172' title='bbox 926 3496 1057 3562; x_wconf 78' lang='lat' dir='ltr'><strong><em>Capitalia</em></strong></span> <span class='ocrx_word' id='word_1_173' title='bbox 1070 3492 1104 3548; x_wconf 93' lang='lat' dir='ltr'><strong><em>ad</em></strong></span> <span class='ocrx_word' id='word_1_174' title='bbox 1119 3493 1191 3548; x_wconf 85' lang='lat' dir='ltr'><strong><em>diem</em></strong></span> <span class='ocrx_word' id='word_1_175' title='bbox 1204 3493 1322 3548; x_wconf 88' lang='lat' dir='ltr'><strong><em>natalem</em></strong></span> <span class='ocrx_word' id='word_1_176' title='bbox 1336 3494 1529 3550; x_wconf 83' lang='lat' dir='ltr'><strong><em>celebrandum</em></strong></span> 
     </span>
     <span class='ocr_line' id='line_1_23' title="bbox 182 3579 1528 3652; baseline 0.005 -23"><span class='ocrx_word' id='word_1_177' title='bbox 182 3594 207 3632; x_wconf 91' lang='lat' dir='ltr'><strong><em>a.</em></strong></span> <span class='ocrx_word' id='word_1_178' title='bbox 226 3579 273 3642; x_wconf 83' lang='lat'><strong><em>58,</em></strong></span> <span class='ocrx_word' id='word_1_179' title='bbox 293 3579 310 3634; x_wconf 88' lang='lat'>6</span> <span class='ocrx_word' id='word_1_180' title='bbox 328 3581 357 3631; x_wconf 92' lang='lat' dir='ltr'><strong><em>et</em></strong></span> <span class='ocrx_word' id='word_1_181' title='bbox 375 3580 417 3642; x_wconf 89' lang='grc'><strong><em>66,</em></strong></span> <span class='ocrx_word' id='word_1_182' title='bbox 435 3579 452 3633; x_wconf 75' lang='lat'>2</span> <span class='ocrx_word' id='word_1_183' title='bbox 470 3597 495 3634; x_wconf 79' lang='lat' dir='ltr'><strong><em>v,</em></strong></span> <span class='ocrx_word' id='word_1_184' title='bbox 513 3581 548 3635; x_wconf 87' lang='grc'><strong><em>33</em></strong></span> <span class='ocrx_word' id='word_1_185' title='bbox 560 3596 637 3650; x_wconf 86' lang='lat' dir='ltr'><strong><em>seqq.</em></strong></span> <span class='ocrx_word' id='word_1_186' title='bbox 883 3581 1025 3636; x_wconf 86' lang='lat' dir='ltr'><strong><em>commode</em></strong></span> <span class='ocrx_word' id='word_1_187' title='bbox 1045 3583 1212 3647; x_wconf 86' lang='lat' dir='ltr'><strong><em>referuntur,</em></strong></span> <span class='ocrx_word' id='word_1_188' title='bbox 1231 3589 1260 3635; x_wconf 88' lang='lat' dir='ltr'><strong><em>et</em></strong></span> <span class='ocrx_word' id='word_1_189' title='bbox 1278 3583 1330 3636; x_wconf 89' lang='lat' dir='ltr'><strong><em>hoc</em></strong></span> <span class='ocrx_word' id='word_1_190' title='bbox 1349 3583 1528 3652; x_wconf 78' lang='lat' dir='ltr'><strong><em>fragmentum</em></strong></span> 
     </span>
    </p>

    <p class='ocr_par' dir='ltr' id='par_1_7' title="bbox 182 3665 1528 3816">
     <span class='ocr_line' id='line_1_24' title="bbox 252 3665 1528 3736; baseline 0.005 -18"><span class='ocrx_word' id='word_1_191' title='bbox 252 3686 269 3734; x_wconf 73' lang='lat'><em>9</em></span> <span class='ocrx_word' id='word_1_192' title='bbox 290 3667 309 3731; x_wconf 89' lang='lat'><strong><em>¹)</em></strong></span> <span class='ocrx_word' id='word_1_193' title='bbox 329 3665 363 3719; x_wconf 90' lang='lat' dir='ltr'><strong><em>cf.</em></strong></span> <span class='ocrx_word' id='word_1_194' title='bbox 383 3666 519 3736; x_wconf 83' lang='lat' dir='ltr'><strong><em>piaculum</em></strong></span> <span class='ocrx_word' id='word_1_195' title='bbox 539 3667 639 3722; x_wconf 86' lang='lat' dir='ltr'><strong><em>factum</em></strong></span> <span class='ocrx_word' id='word_1_196' title='bbox 660 3685 683 3723; x_wconf 86' lang='lat' dir='ltr'><strong><em>a.</em></strong></span> <span class='ocrx_word' id='word_1_197' title='bbox 703 3665 728 3723; x_wconf 90' lang='lat' dir='ltr'><strong><em>d.</em></strong></span> <span class='ocrx_word' id='word_1_198' title='bbox 746 3667 831 3721; x_wconf 87' lang='lat' dir='ltr'>XIIII</span> <span class='ocrx_word' id='word_1_199' title='bbox 883 3670 910 3723; x_wconf 91' lang='lat' dir='ltr'><strong><em>in</em></strong></span> <span class='ocrx_word' id='word_1_200' title='bbox 928 3670 981 3724; x_wconf 84' lang='lat' dir='ltr'><strong><em>dna</em></strong></span> <span class='ocrx_word' id='word_1_201' title='bbox 1000 3669 1111 3723; x_wconf 85' lang='lat' dir='ltr'><strong><em>tabulae</em></strong></span> <span class='ocrx_word' id='word_1_202' title='bbox 1129 3669 1237 3723; x_wconf 80' lang='lat' dir='ltr'><strong><em>videtur</em></strong></span> <span class='ocrx_word' id='word_1_203' title='bbox 1249 3670 1413 3725; x_wconf 87' lang='lat' dir='ltr'><strong><em>collocatum</em></strong></span> <span class='ocrx_word' id='word_1_204' title='bbox 1433 3672 1528 3736; x_wconf 88' lang='lat' dir='ltr'><strong><em>fuisse,</em></strong></span> 
     </span>
     <span class='ocr_line' id='line_1_25' title="bbox 182 3751 1528 3816; baseline 0.007 -12"><span class='ocrx_word' id='word_1_205' title='bbox 182 3751 317 3807; x_wconf 80' lang='lat' dir='ltr'><strong><em>kalendas</em></strong></span> <span class='ocrx_word' id='word_1_206' title='bbox 335 3753 433 3808; x_wconf 82' lang='lat' dir='ltr'><strong><em>Maias.</em></strong></span> <span class='ocrx_word' id='word_1_207' title='bbox 883 3757 985 3812; x_wconf 88' lang='lat' dir='ltr'><strong><em>natalis</em></strong></span> <span class='ocrx_word' id='word_1_208' title='bbox 1005 3764 1093 3811; x_wconf 86' lang='lat' dir='ltr'><strong><em>autem</em></strong></span> <span class='ocrx_word' id='word_1_209' title='bbox 1114 3757 1221 3811; x_wconf 81' lang='lat' dir='ltr'><strong><em>&#39;liberii</em></strong></span> <span class='ocrx_word' id='word_1_210' title='bbox 1239 3757 1291 3811; x_wconf 87' lang='lat' dir='ltr'><strong><em>fnit</em></strong></span> <span class='ocrx_word' id='word_1_211' title='bbox 1309 3775 1333 3816; x_wconf 89' lang='lat' dir='ltr'><strong><em>a.</em></strong></span> <span class='ocrx_word' id='word_1_212' title='bbox 1352 3759 1378 3814; x_wconf 91' lang='lat' dir='ltr'><strong><em>d.</em></strong></span> <span class='ocrx_word' id='word_1_213' title='bbox 1391 3761 1462 3814; x_wconf 88' lang='lat' dir='ltr'><strong><em>XVI</em></strong></span> <span class='ocrx_word' id='word_1_214' title='bbox 1481 3761 1528 3814; x_wconf 82' lang='lat' dir='ltr'><strong><em>ka-</em></strong></span> 
     </span>
    </p>

    <p class='ocr_par' dir='ltr' id='par_1_8' title="bbox 183 3839 1528 3998">
     <span class='ocr_line' id='line_1_26' title="bbox 254 3839 1528 3912; baseline 0.005 -19"><span class='ocrx_word' id='word_1_215' title='bbox 254 3839 274 3904; x_wconf 79' lang='lat'><strong><em>²)</em></strong></span> <span class='ocrx_word' id='word_1_216' title='bbox 293 3841 368 3909; x_wconf 87' lang='lat' dir='ltr'><strong><em>quad</em></strong></span> <span class='ocrx_word' id='word_1_217' title='bbox 391 3843 473 3912; x_wconf 87' lang='lat' dir='ltr'><strong><em>posui</em></strong></span> <span class='ocrx_word' id='word_1_218' title='bbox 496 3842 568 3897; x_wconf 87' lang='lat' dir='ltr'><strong><em>diem</em></strong></span> <span class='ocrx_word' id='word_1_219' title='bbox 587 3843 706 3898; x_wconf 85' lang='lat' dir='ltr'><strong><em>natalem</em></strong></span> <span class='ocrx_word' id='word_1_220' title='bbox 726 3843 831 3898; x_wconf 89' lang='lat' dir='ltr'><strong><em>indica·</em></strong></span> <span class='ocrx_word' id='word_1_221' title='bbox 883 3845 981 3900; x_wconf 84' lang='lat' dir='ltr'><strong><em>tendas</em></strong></span> <span class='ocrx_word' id='word_1_222' title='bbox 1001 3845 1185 3910; x_wconf 84' lang='lat' dir='ltr'><strong><em>Decembras;</em></strong></span> <span class='ocrx_word' id='word_1_223' title='bbox 1204 3845 1238 3901; x_wconf 85' lang='lat' dir='ltr'><strong><em>cf.</em></strong></span> <span class='ocrx_word' id='word_1_224' title='bbox 1259 3843 1334 3902; x_wconf 88' lang='lat' dir='ltr'><strong><em>Suet.</em></strong></span> <span class='ocrx_word' id='word_1_225' title='bbox 1357 3848 1412 3902; x_wconf 79' lang='lat' dir='ltr'><strong><em>Tib.</em></strong></span> <span class='ocrx_word' id='word_1_226' title='bbox 1426 3849 1454 3910; x_wconf 87' lang='lat'><strong><em>5;</em></strong></span> <span class='ocrx_word' id='word_1_227' title='bbox 1474 3847 1528 3901; x_wconf 84' lang='lat' dir='ltr'><strong><em>Ilia</em></strong></span> 
     </span>
     <span class='ocr_line' id='line_1_27' title="bbox 183 3927 1268 3998; baseline 0.009 -19"><span class='ocrx_word' id='word_1_228' title='bbox 183 3933 240 3980; x_wconf 89' lang='lat' dir='ltr'><strong><em>tum</em></strong></span> <span class='ocrx_word' id='word_1_229' title='bbox 252 3943 316 3982; x_wconf 86' lang='lat' dir='ltr'><strong><em>esse</em></strong></span> <span class='ocrx_word' id='word_1_230' title='bbox 330 3927 444 3996; x_wconf 84' lang='lat' dir='ltr'><strong><em>Tiberii,</em></strong></span> <span class='ocrx_word' id='word_1_231' title='bbox 464 3935 568 3985; x_wconf 87' lang='lat' dir='ltr'><strong><em>tantum</em></strong></span> <span class='ocrx_word' id='word_1_232' title='bbox 582 3949 636 3986; x_wconf 88' lang='lat' dir='ltr'><strong><em>noa</em></strong></span> <span class='ocrx_word' id='word_1_233' title='bbox 656 3937 759 3986; x_wconf 89' lang='lat' dir='ltr'><strong><em>certum</em></strong></span> <span class='ocrx_word' id='word_1_234' title='bbox 779 3937 831 3986; x_wconf 85' lang='lat' dir='ltr'><strong><em>cst.</em></strong></span> <span class='ocrx_word' id='word_1_235' title='bbox 882 3935 924 3998; x_wconf 76' lang='lat'><strong><em>57,</em></strong></span> <span class='ocrx_word' id='word_1_236' title='bbox 940 3935 983 3998; x_wconf 72' lang='lat'><strong><em>183</em></strong></span> <span class='ocrx_word' id='word_1_237' title='bbox 1004 3941 1067 3989; x_wconf 86' lang='lat' dir='ltr'><strong><em>acta</em></strong></span> <span class='ocrx_word' id='word_1_238' title='bbox 1085 3951 1109 3988; x_wconf 89' lang='lat' dir='ltr'><strong><em>a.</em></strong></span> <span class='ocrx_word' id='word_1_239' title='bbox 1128 3937 1162 3991; x_wconf 87' lang='lat'><strong><em>33</em></strong></span> <span class='ocrx_word' id='word_1_240' title='bbox 1181 3938 1209 3988; x_wconf 88' lang='lat' dir='ltr'><strong><em>et</em></strong></span> <span class='ocrx_word' id='word_1_241' title='bbox 1226 3933 1268 3989; x_wconf 82' lang='lat'><strong><em>35.</em></strong></span> 
     </span>
    </p>

    <p class='ocr_par' dir='ltr' id='par_1_9' title="bbox 184 4011 832 4094">
     <span class='ocr_line' id='line_1_28' title="bbox 184 4011 832 4094; baseline 0.008 -25"><span class='ocrx_word' id='word_1_242' title='bbox 184 4011 257 4070; x_wconf 87' lang='lat' dir='ltr'><strong><em>Nam</em></strong></span> <span class='ocrx_word' id='word_1_243' title='bbox 280 4015 420 4084; x_wconf 84' lang='lat' dir='ltr'><strong><em>litterar,</em></strong></span> <span class='ocrx_word' id='word_1_244' title='bbox 441 4020 511 4088; x_wconf 74' lang='lat' dir='ltr'><strong><em>qnae</em></strong></span> <span class='ocrx_word' id='word_1_245' title='bbox 536 4019 681 4094; x_wconf 85' lang='lat' dir='ltr'><strong><em>praecedit</em></strong></span> <span class='ocrx_word' id='word_1_246' title='bbox 701 4021 832 4090; x_wconf 80' lang='lat' dir='ltr'><strong><em>genetivo</em></strong></span> 
     </span>
    </p>
   </div>
   <div class='ocr_carea' id='block_1_5' title="bbox 0 0 1831 5592">
    <p class='ocr_par' dir='ltr' id='par_1_10' title="bbox 0 0 1831 5592">
     <span class='ocr_line' id='line_1_29' title="bbox 0 0 1831 5592; baseline 0 0"><span class='ocrx_word' id='word_1_247' title='bbox 0 0 1831 5592; x_wconf 95' lang='lat' dir='ltr'><strong><em> </em></strong></span> 
     </span>
    </p>
   </div>
  </div>
 </body>
</html>
