3574 5592
269 309 312 374 34
812 305 890 362 Sacri
910 303 979 359 deae
998 305 1069 361 Diae

270 485 387 558 dingere
406 483 602 540 Mommsenus
622 479 658 538 du
679 480 785 540 litteris
807 481 866 541 dici
886 479 994 556 docuit,
1015 486 1049 544 ut
1068 483 1174 541 codices
1190 497 1243 558 per
1264 481 1355 538 orben
1375 482 1494 561 diripere
1513 483 1618 558 legitur

270 579 301 636 in
320 576 412 652 gestis
433 577 461 634 in
482 580 585 636 senatu
605 576 685 636 urbis
706 575 820 637 Romae
841 576 877 636 de
896 575 1067 652 recipiendo
1089 573 1191 634 codice
1206 573 1431 637 Theodosiauo:
1451 579 1551 656 itaque
1571 595 1619 638 co·

272 689 360 732 ronas
382 670 515 730 derectas
536 688 589 746 per
609 672 897 732 commentariensem
917 669 1130 747 intellegendas
1157 688 1223 730 esse
1242 689 1297 747 per
1315 671 1393 732 hunc
1414 673 1549 750 signatas
1569 691 1620 732 no-

271 768 395 827 minibus
416 766 579 841 Arvalium,
601 766 708 844 quibns
731 767 863 844 singulae
884 767 1049 826 destinatae
1071 770 1156 826 erant
1171 763 1200 842 ¹).
1229 767 1347 826 Allatas
1367 771 1464 830 autern
1487 786 1563 845 esse,
1589 777 1621 831 ut

274 879 378 920 nomeu
399 862 542 920 citaverat
568 861 667 920 nescio
693 861 759 938 quis
788 862 848 921 sive
869 863 1010 938 magister
1030 862 1091 922 sive
1111 860 1230 936 flamen,
1257 862 1346 921 verbo
1372 863 1521 924 iudicatur
1540 863 1622 942 qnod

273 965 319 1017 est
339 961 442 1015 atoue.
463 989 499 1000 -
519 956 663 1032 Acceptis
684 955 800 1015 coronis
821 957 946 1016 Arvales
968 975 1036 1018 arae
1057 957 1243 1032 contigemnt
1262 956 1317 1034 (ita
1336 959 1412 1017 euim
1434 959 1622 1020 scribendum

273 1058 321 1112 est
339 1070 392 1128 pro
413 1048 595 1141 qontepennu)
617 1058 646 1110 et
666 1050 737 1110 deas
760 1054 944 1112 coronarunt.
985 1051 1027 1112 lit
1047 1052 1083 1111 de
1104 1051 1280 1112 caerimonia
1294 1051 1410 1129 quidem
1431 1055 1622 1130 contingendi

275 1165 357 1221 aras,
378 1147 493 1221 fruges,
522 1147 619 1222 pultes
639 1145 669 1204 iu
689 1145 860 1206 enarrandis
882 1147 975 1207 sacris
996 1145 1054 1205 diei
1077 1147 1163 1224 primi
1185 1146 1226 1223 (p.
1242 1145 1289 1225 14)
1311 1146 1387 1206 dixi:
1406 1147 1462 1208 hoc
1482 1149 1550 1209 loco
1565 1167 1623 1209 non
1680 1219 1686 1232 .

273 1243 375 1319 liquet,
396 1248 490 1300 utrum
511 1257 578 1299 aras
600 1240 769 1300 sacerdotes
790 1240 968 1316 contigerint
986 1258 1089 1316 manu,
1109 1259 1146 1300 au
1167 1242 1298 1316 coronis,
1319 1259 1394 1320 quas
1412 1243 1494 1320 ipsas
1515 1243 1622 1303 deinde

276 1337 388 1396 deabus
410 1333 545 1394 ridentur
568 1335 752 1413 imposuisse.
792 1338 837 1397 De
866 1337 923 1395 ritu
954 1335 1113 1396 coronandi
1142 1337 1229 1412 signa
1259 1335 1379 1395 deornm
1407 1337 1444 1397 cl.
1475 1336 1622 1397 Marinins

274 1431 314 1508 (p.
328 1429 406 1506 394).
428 1431 467 1486 Et
478 1433 534 1488 ianr
544 1441 606 1488 tunc
628 1431 680 1506 (sc.
699 1435 797 1492 aetate
815 1431 962 1509 Scipionis
979 1429 1164 1507 Serapionis)
1183 1449 1301 1489 coronae
1311 1432 1518 1492 daorurnlronoe
1537 1442 1624 1505 aaa,

274 1525 376 1586 scribit
394 1523 507 1584 Plinius
530 1528 566 1593 (n.
579 1526 603 1582 le
624 1527 671 1597 21,
685 1527 734 1598 11;
750 1525 786 1584 ci.
802 1527 847 1598 16,
859 1514 905 1599 9),1
925 1536 949 1584 et
963 1527 1052 1584 larum
1062 1525 1234 1601 publicorum
1244 1529 1469 1602 punctorumque
1487 1547 1522 1586 ac
1534 1531 1623 1605 sqrul·

275 1639 386 1678 aarum
405 1629 429 1676 et
452 1625 589 1690 mantum
616 1619 762 1679 Tibullus
778 1621 817 1696 (2,
833 1622 860 1694 2,
874 1623 892 1679 5
904 1620 978 1698 seq.)
1006 1625 1102 1680 autem
1128 1619 1245 1695 genium
1269 1637 1353 1679 sunm
1372 1620 1493 1694 invitat,
1514 1623 1549 1682 ut
1566 1625 1625 1698 ipse

274 1733 338 1772 auca
358 1715 431 1772 odat
449 1719 555 1774 visurae
574 1715 703 1786 tonores,
727 1719 771 1772 cni
790 1717 916 1774 decorent
934 1725 1043 1774 sanctae
1061 1717 1158 1773 modia
1175 1724 1249 1773 certa
1268 1733 1374 1788 concam
1393 1715 1462 1774 item
1482 1715 1624 1794 Priapum

277 1809 410 1868 coronari
431 1809 549 1868 solitum
571 1827 686 1869 carmen
708 1809 795 1868 docet
815 1809 998 1869 Tiburtinum
1019 1811 1107 1886 genio
1128 1810 1252 1868 numinis
1272 1810 1333 1868 eius
1349 1809 1515 1869 dedicatum
1536 1811 1624 1885 (liur-

277 1921 363 1962 mann
384 1905 456 1962 untb.
477 1904 541 1961 Lat.
563 1906 589 1978 5,
604 1901 682 1982 219).
703 1905 825 1963 -Iam
846 1922 916 1963 nero
937 1905 1016 1982 quod
1036 1906 1067 1964 in
1081 1905 1154 1964 actis
1169 1903 1385 1984 antiquioribus
1399 1922 1447 1963 res
1462 1905 1505 1964 ita
1523 1924 1624 1967 narra·

275 2005 331 2074 tur,
352 2007 384 2058 ut
402 1998 539 2072 Arvales,
560 2004 717 2076 postquam
738 2000 871 2076 perlecto
892 2000 1035 2059 sacrificio
1055 2006 1118 2060 ture
1139 2005 1169 2059 et
1190 1999 1258 2058 vino
1278 1998 1427 2072 fecerunt,
1449 1999 1549 2059 statim
1574 2019 1623 2060 co-

276 2093 356 2152 ronis
376 2093 474 2152 inlutis
502 2093 657 2154 videantur
681 2092 752 2152 dens
781 2095 916 2153 unxisse:
940 2095 970 2152 in
996 2095 1069 2154 actis
1096 2101 1192 2155 antem
1217 2093 1431 2171 posterioribus
1452 2113 1509 2153 non
1530 2097 1624 2157 solum

275 2187 430 2266 praecedit
449 2187 653 2264 unguentatio,
675 2187 728 2247 sed
749 2188 945 2266 tripodatione
966 2191 1054 2250 etiarn
1075 2209 1092 2248 a
1112 2190 1301 2250 coronatione
1323 2195 1490 2266 separatur,
1511 2190 1627 2250 videtur

278 2285 319 2343 ita
339 2283 543 2360 explicandum
559 2300 624 2342 esse
639 2288 671 2342 nt
687 2285 850 2343 statuamus
863 2285 892 2344 iu
907 2287 980 2346 actis
996 2285 1208 2363 antiquioribus
1229 2284 1289 2343 illis
1305 2284 1401 2344 verbis
1417 2285 1626 2362 comprehendi

278 2396 363 2438 sacra
383 2377 480 2436 omnia
500 2393 576 2454 qnae
600 2383 670 2453 post
695 2395 801 2454 agnam
825 2379 1002 2440 immolatam
1027 2381 1090 2440 lieri
1119 2380 1268 2456 solebant,
1299 2397 1364 2438 cnm
1394 2395 1493 2440 eornm
1513 2399 1628 2441 summa

277 2478 359 2532 esset
378 2472 496 2530 dearum
516 2471 706 2546 unguentatio
727 2476 758 2532 et
778 2476 938 2535 coronatio.
958 2505 963 2515 ·

354 2566 492 2644 Sequitur
521 2566 624 2626 electio
655 2567 787 2643 magistri
818 2570 905 2629 annui
935 2569 1135 2646 flaminiaque,
1166 2585 1203 2628 ex
1233 2567 1339 2645 quibus
1370 2567 1450 2645 quod
1480 2567 1625 2629 interdum

279 2665 419 2725 omittitur
436 2663 494 2738 hic,
515 2663 630 2721 videtur
648 2663 799 2722 brevitatis
821 2681 912 2724 causa
932 2665 978 2723 vel
992 2681 1045 2740 per
1059 2663 1275 2739 neglegentiam
1289 2663 1400 2722 lactum
1414 2680 1488 2724 esee.
1514 2666 1627 2724 Mentio

279 2767 375 2819 autem
396 2758 547 2818 electionis
568 2758 596 2815 in
618 2757 691 2816 actis
714 2759 920 2834 superstitibus
941 2758 1065 2834 primurn
1086 2763 1168 2816 extat
1192 2773 1268 2816 anuo
1289 2755 1335 2833 st,
1365 2756 1490 2817 necdum
1517 2758 1629 2834 legitur

279 2857 308 2915 in
329 2855 403 2914 actis
434 2871 459 2912 a.
475 2853 510 2910 81
542 2851 665 2927 aliisque
691 2851 865 2927 quibusdam
892 2853 960 2911 anni
985 2853 1090 2912 incerti
1115 2852 1228 2929 imperii
1253 2853 1420 2912 Domitiani.
1462 2853 1525 2912 Iam
1546 2853 1627 2930 qnod

280 2948 419 3024 magister
440 2953 470 3006 et
488 2946 592 3004 flamen
613 2963 650 3002 ex
677 2945 881 3006 Saturnalibus
912 2946 1012 3023 primis
1042 2947 1071 3004 in
1092 2945 1260 3007 Saturnalia
1289 2947 1421 3007 secunda
1440 2948 1628 3023 creabantur,

279 3042 419 3101 Mariuius
441 3043 480 3117 (p.
497 3039 552 3102 att
564 3042 658 3118 seqq.)
690 3041 763 3114 bene
793 3041 931 3118 exposuit
960 3047 1029 3117 apte
1060 3059 1166 3100 aunum
1196 3041 1349 3100 Arvalium
1376 3060 1394 3100 a
1420 3040 1628 3103 Saturnalibus

280 3137 390 3196 initiam
411 3134 536 3211 cepisse,
557 3154 622 3195 cum
650 3153 737 3194 sacra
761 3137 882 3195 iratrum
904 3135 1055 3194 Arvalium
1082 3136 1120 3194 ad
1141 3153 1228 3212 agros
1249 3136 1431 3212 potissimum
1453 3155 1488 3197 ac
1508 3147 1627 3212 segetes

282 3237 465 3307 spectarent,
488 3229 633 3290 Saturnus
654 3234 749 3290 antem
770 3248 789 3288 a
808 3229 934 3289 serendo
955 3247 1060 3288 nomen
1081 3231 1209 3290 duceret.
1248 3233 1290 3290 Et
1310 3230 1346 3288 de
1361 3229 1488 3290 Saturno
1509 3232 1628 3309 quidem

281 3324 383 3384 scribit
402 3323 498 3382 Varro
521 3323 550 3398 (l.
564 3322 583 3382 l.
596 3327 622 3398 5,
634 3324 699 3400 ab:
719 3343 806 3400 quare
826 3327 901 3400 quod
919 3325 1023 3382 caelum
1038 3329 1215 3402 principium,
1235 3326 1270 3382 ab
1290 3333 1351 3383 catu
1370 3336 1409 3384 est
1426 3327 1512 3385 diana
1531 3327 1629 3387 Satur·

282 3441 332 3477 nus
350 3425 422 3492 cet.;
443 3436 479 3476 ex
500 3419 619 3494 eiusque
640 3437 734 3478 rerum
749 3419 911 3476 divinarum
923 3418 1007 3477 libris
1023 3419 1114 3477 refert
1128 3421 1314 3492 Augustinus
1328 3422 1374 3496 (de
1391 3425 1442 3480 civ.
1462 3421 1507 3478 det
1520 3417 1547 3496 i,
1564 3421 1627 3496 13):

284 3517 419 3574 Saturnus
444 3559 472 3572 ..
492 3561 519 3572 ..
546 3533 614 3572 unta
634 3516 667 3572 de
682 3515 854 3591 principatus
879 3515 957 3588 dna,
978 3532 1062 3589 penso
1086 3531 1163 3588 φισιιι
1181 3519 1314 3572 amionem
1335 3519 1453 3573 omnium
1472 3516 1630 3574 emanue

281 3619 329 3680 est,
350 3617 380 3668 et
400 3607 458 3666 alio
478 3609 545 3666 loco
566 3609 604 3681 (6,
619 3611 662 3684 8)ι
680 3613 748 3666 nont
767 3610 838 3666 idem
863 3613 992 3684 opinatur
1019 3608 1109 3666 Varro
1131 3610 1206 3682 quod
1220 3613 1356 3684 pertineat
1374 3609 1510 3668 Saturnus
1529 3611 1569 3666 ad
1586 3627 1628 3666 ee-

281 3709 364 3774 nu'no,
385 3721 454 3778 quae
474 3705 502 3758 r'n
521 3711 630 3773 urraca,
651 3704 684 3760 dc
704 3723 760 3778 qua
780 3707 904 3761 oriuntur
927 3708 1032 3774 iterum,
1051 3704 1182 3760 recidunt.
1214 3702 1260 3762 cf.
1280 3711 1436 3780 praeterea
1456 3701 1573 3763 Ritsehl
1594 3705 1630 3762 de

276 3799 406 3877 fictilibus
426 3797 548 3854 littei-atta
572 3797 738 3855 Latinorum
763 3802 954 3874 antiquissimis
979 3795 1124 3874 (Berolini
1146 3799 1228 3872 1853,
1238 3799 1269 3873 4)
1294 3817 1322 3875 p.
1337 3801 1354 3857 3
1367 3816 1449 3876 seqq.
1469 3803 1628 3874 cruraque

281 3911 355 3970 quae
377 3892 413 3950 ab
435 3908 469 3949 eo
498 3891 660 3950 afferuntur
688 3891 862 3969 scriptorum
892 3892 1060 3951 testimonia
1089 3891 1220 3967 plurima.
1263 3891 1391 3966 Quorum
1422 3893 1629 3952 auctoritatem

281 3987 363 4046 auxit
382 3992 486 4062 patera
506 3985 602 4044 fictilis
623 3987 660 4046 ab
683 3987 785 4046 eodem
813 3987 874 4046 viro
894 3985 1005 4063 publici
1024 3987 1094 4045 iuris
1116 3986 1196 4045 iacta
1216 3986 1246 4064 (l.
1263 4005 1287 4046 c.
1308 3987 1367 4046 tab.
1389 4005 1416 4046 u.
1436 3989 1480 4060 Α,
1502 3987 1531 4046 C.
1549 3989 1574 4047 1.
1591 3989 1629 4047 L.

287 4085 296 4140 l
320 4100 347 4141 n.
360 4083 396 4139 48
419 4087 448 4140 et
467 4082 500 4139 P.
517 4081 551 4140 L.
567 4083 609 4140 M.
629 4081 661 4139 X
681 4082 710 4140 A
725 4080 764 4158 a),
784 4082 813 4140 iu
833 4099 893 4159 qua
912 4098 1015 4140 nomeu
1042 4081 1089 4139 dei
1109 4081 1247 4141 scribitur
1266 4082 1323 4140 sic:
1357 4083 1524 4154 Saeturnus,
1550 4081 1629 4141 nude

282 4176 361 4253 apud
382 4177 502 4235 Festum
524 4193 639 4253 quoque
665 4176 700 4250 (o.
721 4177 842 4237 Saturno
862 4195 890 4253 p.
906 4178 961 4236 325
981 4176 1032 4254 M.)
1056 4176 1134 4235 idem
1163 4176 1205 4234 ita
1231 4175 1410 4235 emendavit:
1439 4181 1487 4252 qul
1515 4179 1581 4234 ἀσσ
1600 4181 1630 4234 ιἰι

281 4271 435 4331 brettaniae
459 4271 609 4329 Saeturnus
632 4274 801 4342 nominatur,
829 4273 953 4329 uidelicet
977 4291 996 4328 a
1018 4271 1166 4330 sationibus
1186 4269 1236 4348 (cf.
1256 4259 1312 4329 isc.
1333 4287 1361 4345 p.
1377 4268 1416 4345 i).
1457 4269 1629 4330 Saturnalia

282 4373 378 4424 autem
398 4364 555 4442 Dionysius
576 4363 616 4441 (3,
630 4365 678 4440 32)
699 4381 764 4424 esse
786 4366 888 4424 scribit
906 4360 1031 4442 ἑορτάς,
1054 4357 1092 4432 ἃς
1113 4358 1219 4441 ἄγουσι
1235 4359 1385 4438 Ῥωμαῖοι
1407 4357 1479 4422 καθ’
1501 4361 1630 4424 ἕκαστον

281 4453 429 4528 ἐνιαυτόν,
450 4451 525 4517 ὅταν
545 4448 685 4527 ἅπαντας
704 4455 775 4528 τοὺς
794 4456 826 4517 ἐκ
846 4461 901 4537 γῆς
921 4454 1128 4536 συγκομίσωσι
1150 4453 1303 4530 respuerim
1324 4463 1354 4516 et
1368 4456 1500 4518 similiter
1513 4459 1629 4520 Macro·

283 4556 347 4614 bins
368 4553 485 4632 (1,10):
504 4556 574 4612 leuna
594 4555 671 4612 dcam
698 4554 781 4630 Opem
801 4554 916 4613 Saturni
935 4555 1073 4630 coniupcrn
1093 4549 1264 4611 crediderunt
1284 4561 1308 4609 at
1327 4553 1387 4610 ideo
1409 4553 1461 4611 boc
1473 4573 1561 4612 rncnae
1575 4552 1627 4614 sa-

356 4775 374 4840 ¹)
393 4773 437 4828 Ne
468 4779 581 4844 propter
611 4774 696 4828 verba
720 4775 846 4829 Senecae
874 4775 930 4844 (qu.
981 4775 1145 4843 interpreter
1163 4787 1217 4824 non
1237 4770 1263 4824 iu
1283 4769 1386 4836 orbern,
1406 4770 1456 4825 sed
1476 4773 1504 4827 iu
1523 4774 1624 4844 virgum

283 4876 338 4916 aar.
364 4864 459 4928 1‚10).·
490 4881 611 4914 emonam
641 4863 665 4914 si
688 4863 824 4924 diviseris,
852 4881 930 4915 araur
981 4862 1237 4924 formatasrectam,
1257 4859 1437 4929 obstatquod
1457 4860 1498 4914 ita
1516 4877 1569 4916 non
1589 4863 1627 4917 in-

284 4955 348 5015 erin·
366 4953 390 5004 a·
409 4952 551 5016 direxeris,
570 4953 646 5022 sirpo
665 4964 782 5006 coronae
801 4948 929 5006 derectae
979 4949 1149 5021 telleguntur
1166 4947 1251 5002 verba
1269 4961 1339 5019 qnae
1359 4953 1521 5018 sequuntur.
