3574 5592
242 301 285 365 30
785 300 864 356 Sacri
884 301 953 355 dena
974 301 1044 356 Diae

243 473 367 550 eqllegIt
394 471 541 532 Bruanius
571 473 654 547 (Aua.
675 477 733 531 laet.
755 475 829 533 areb.
853 474 925 532 1856
951 491 979 550 p.
997 475 1052 532 114
1064 474 1158 550 seqq.)
1184 473 1300 550 duoque
1331 491 1430 533 earum
1459 471 1591 530 ostendit

243 583 354 642 genera
374 567 473 639 luisse,
494 566 616 626 alterum
631 584 728 626 earum
744 567 780 628 de
800 567 907 645 quibus
922 565 1031 626 Festus
1046 575 1076 628 et
1091 567 1263 628 Macrobius
1278 568 1420 642 scribunt,
1441 566 1591 628 stabilium

244 659 381 719 videlicet
399 661 428 719 ln
449 661 579 738 ipsisque
600 662 719 738 templis
740 661 914 733 dicatarum,
934 661 1056 720 alterum
1071 679 1169 720 aarum
1183 678 1258 738 quae
1273 663 1311 722 ob
1326 661 1454 740 aliquam
1469 679 1592 720 eausam

244 753 332 813 certis
354 756 519 816 numinibus
540 755 732 831 parabantur,
752 763 784 814 ut
803 755 937 816 Hecatae
958 763 988 814 et
1003 756 1109 814 Iunoni
1125 757 1266 816 Lucinae.
1293 756 1335 815 Et
1348 771 1385 814 ex
1398 755 1457 815 illis
1471 753 1592 832 quidem

243 848 351 907 mensis
372 855 497 925 apparet
516 867 581 908 eam
601 850 701 924 fuisse,
721 850 750 908 in
771 867 830 926 qua
850 851 975 910 Arvales
995 851 1024 908 in
1045 849 1118 908 aede
1138 867 1254 910 sacrum
1269 850 1407 910 lacerent.
1442 849 1593 909 Fecerunt

243 945 340 1002 autem
360 943 426 1002 ollis
447 943 524 1016 (nam
546 943 588 1002 sie
610 944 725 1003 lacerae
746 945 862 1004 litterae
883 944 1084 1004 restituendae
1105 943 1194 1022 sunt),
1215 961 1292 1022 quae
1312 943 1448 1004 ridentur
1466 944 1496 1002 in
1514 943 1592 1020 ipsis

242 1037 349 1094 mensis
363 1037 511 1113 repositae
532 1037 632 1112 luisse,
653 1045 685 1098 ut
713 1056 786 1100 vasa
806 1037 936 1097 ridemus
968 1040 1114 1099 collocata
1131 1039 1161 1098 iu
1186 1055 1288 1098 mense
1307 1039 1402 1099 altera
1422 1055 1440 1097 a
1458 1038 1591 1098 Brennio

242 1129 325 1206 (le.)
346 1131 457 1207 publici
488 1132 557 1191 iuris
577 1132 666 1192 facta.
698 1165 736 1174 —
769 1133 813 1190 De
834 1133 900 1192 ollis
921 1133 1008 1194 cultis
1030 1151 1048 1192 a
1067 1133 1207 1194 fratribus
1227 1133 1387 1194 Arralibns
1407 1139 1477 1209 post
1495 1133 1591 1192 Mari·

244 1225 320 1283 niuru
341 1225 380 1301 (p.
395 1225 464 1302 591)
492 1244 586 1302 nuper
609 1227 747 1302 exposuit
771 1225 901 1286 Micheel
928 1226 964 1285 de
994 1227 1086 1286 Roesi
1113 1227 1259 1297 (Giaraale
1278 1229 1409 1286 arcadico
1430 1227 1505 1285 1868
1525 1237 1591 1285 tome.

243 1319 368 1390 LVIII,
387 1318 482 1397 luplie)
510 1321 560 1397 qui
585 1321 614 1378 in
639 1321 740 1380 tabula
768 1321 886 1382 adnexa
915 1321 954 1380 ad
979 1321 1151 1399 opusculum
1178 1321 1249 1380 illud
1270 1320 1339 1398 (IV,
1355 1322 1459 1396 1—18)
1480 1319 1593 1380 duode-

242 1414 343 1488 viginti
364 1414 554 1490 depingenda
574 1415 687 1474 curarit
712 1433 786 1474 resa
809 1416 909 1476 fictilia
928 1415 1026 1492 operis
1051 1415 1205 1476 admodum
1231 1415 1312 1474 rudis
1333 1416 1361 1474 in
1383 1415 1449 1476 luco
1470 1415 1592 1475 adessa.

203 1495 206 1502 ’
242 1507 325 1582 Quae
346 1509 448 1569 harum
468 1527 563 1568 rerum
583 1509 670 1586 periti
689 1508 870 1570 affirmarunt
890 1511 1088 1570 vetustissime
1107 1529 1173 1570 esse
1193 1517 1223 1570 et
1249 1509 1354 1569 similia
1374 1527 1487 1584 eorum,
1513 1527 1592 1586 quae

241 1603 280 1662 ad
301 1603 416 1664 radices
437 1603 544 1662 montis
566 1603 697 1662 Latiaris
718 1603 772 1662 sub
792 1604 891 1680 lapide
912 1607 1031 1664 Albano
1052 1606 1174 1682 reperiri
1195 1607 1306 1678 solent,
1327 1607 1389 1666 sire
1410 1605 1537 1682 sepulte,
1557 1613 1593 1664 ut

242 1697 308 1756 mibi
330 1703 409 1757 certe
431 1698 557 1758 Roseius
578 1697 726 1774 probarit,
748 1701 899 1774 eruptione
912 1701 1029 1774 montis,
1050 1701 1111 1759 sire
1126 1701 1274 1760 collocata
1286 1701 1315 1760 iu
1329 1700 1471 1778 sepulcris
1484 1707 1593 1776 postea

242 1792 345 1852 subtus
366 1792 525 1852 excavatis.
566 1791 651 1851 Vasa
671 1791 772 1852 fictilia
791 1793 820 1850 in
842 1791 993 1852 sacrificiis
1015 1793 1214 1854 Romanorum
1236 1801 1377 1872 usurpata
1396 1811 1461 1854 esse
1483 1793 1594 1852 docent

240 1886 399 1963 Dionysius
411 1885 686 1946 Halicarnassensis
701 1888 740 1961 (2,
755 1888 816 1962 23):
845 1882 904 1962 lyd
917 1877 992 1962 γοῦν
1006 1881 1183 1963 ίθιασάμην
1198 1885 1229 1946 ἓν
1242 1883 1337 1964 ἱεραῖς
1356 1885 1464 1957 οἰκίαις
1485 1887 1593 1946 διῖπνα

241 1977 422 2054 προκείμενα
442 1980 528 2047 θεοῖς
557 1975 604 2037 lul
631 1978 793 2056 τραπέζαις
819 1977 953 2060 ’ξυλίναις
973 1975 1135 2056 ἀρχαϊκαῖς
1154 1978 1185 2040 ἓν
1204 1975 1312 2056 κάνησι
1332 1979 1383 2040 καί
1402 1978 1594 2050 πινακίσκοις

240 2069 397 2146 κεραμίοις
397 2115 693 2142 ...........
719 2071 769 2130 καί
797 2071 934 2142 σπονάἀς
959 2065 1040 2132 ιίάον
1065 2069 1285 2150 ἐγκεκραμένας
1310 2069 1365 2134 οὐκ
1389 2071 1421 2134 lu
1446 2069 1594 2152 ἀργυροῖς

241 2163 290 2224 καί
302 2171 430 2241 χροσοΐς
450 2161 578 2242 ἄγγεσιν,
600 2161 664 2224 ἀλλ’
687 2165 718 2225 ἓν
737 2161 935 2244 ὀστρακίναις
949 2160 1045 2238 κύλιξι
1059 2165 1109 2225 καί
1122 2163 1255 2242 πρόχοις,
1277 2166 1328 2226 καί
1347 2163 1427 2228 πάνυ
1447 2164 1594 2247 ἠγάσθην

240 2261 302 2319 τῶν
322 2256 451 2334 ἀνδρῶν,
472 2251 518 2318 ὅτι
540 2257 735 2333 διαμένουσιν
754 2259 786 2320 ίν
806 2267 869 2330 τοῖς
889 2259 1029 2338 πατρίοις
1050 2255 1153 2320 ἔθεσιν
1174 2253 1263 2319 οὐδὲν
1282 2256 1517 2332 ἐξαλλάττοντες
1530 2263 1594 2320 ταῖν

241 2348 377 2429 ἀρχαίων
397 2349 485 2429 ἱερῶν
505 2353 546 2424 είς
569 2353 624 2431 τὴν
648 2349 781 2428 ἀλαζόνα
805 2351 1016 2426 πολοτίλιιανς
1048 2355 1163 2414 Plinius
1184 2356 1260 2430 (αλ.
1281 2357 1422 2433 talem:
1450 2363 1481 2416 im
1504 2363 1595 2416 saeris

241 2449 349 2524 quadem
368 2453 448 2508 eliam
466 2452 535 2506 buter
554 2451 604 2508 lias
624 2471 688 2526 opes
706 2451 787 2508 bodie
805 2467 860 2508 aaa
871 2454 1000 2507 murrirtis
1013 2451 1215 2526 mustellinum,
1234 2455 1282 2511 sed
1293 2453 1422 2528 fictilibus
1432 2453 1594 2529 prolatum

240 2547 392 2620 simpueila·
430 2545 574 2620 Apuleius
613 2547 658 2614 (da
693 2549 787 2620 muqia
818 2545 881 2614 18).·
922 2546 1015 2603 eadem
1040 2555 1192 2622 paupertas
1221 2552 1299 2606 eliam
1324 2549 1431 2624 populo
1461 2549 1591 2605 Romaene

240 2644 383 2716 imperium
402 2661 421 2697 a
437 2641 592 2714 primordio
605 2642 746 2715 fundauit,
763 2656 871 2714 proque
892 2657 923 2696 οο
942 2644 971 2695 iu
990 2640 1150 2697 ledia-urum
1169 2641 1222 2698 dile
1241 2643 1437 2700 immortalibus
1455 2645 1591 2718 simpuvio

241 2739 372 2792 meatim
386 2735 468 2809 fictili
487 2737 636 2808 sacrificat.-
657 2733 795 2793 Valerius
815 2732 961 2792 Maximus
982 2733 1021 2809 (4,
1035 2735 1063 2807 4,
1083 2732 1140 2808 ll),
1161 2750 1226 2792 cum
1243 2735 1361 2802 Romuli
1376 2753 1448 2796 casa
1468 2737 1592 2795 retens-

241 2845 297 2905 que
320 2827 461 2904 Oapitolii
491 2827 646 2888 humilibus
666 2829 753 2888 tectis
774 2837 895 2885 amemus
915 2835 1057 2888 memorat
1083 2829 1178 2886 Vestae
1190 2830 1411 2906 soeoefiee'bbue
1425 2833 1506 2888 etiam
1519 2849 1593 2889 αοασ

242 2927 314 2981 aaut
332 2933 474 2982 σοαίοπιοι.
515 2920 620 2998 Neque
650 2939 734 2980 usum
763 2921 852 2980 modo
878 2921 1028 2998 antiquum
1057 2939 1192 2982 vasorum
1217 2923 1348 2982 fictilium
1380 2931 1595 2984 conseruerunt

241 3017 381 3091 Romani,
402 3016 454 3075 sed
474 3017 541 3092 ipsa
560 3016 647 3076 etiarn
675 3034 748 3076 rasa
774 3021 891 3074 vetusta
916 3017 945 3074 in
965 3033 1018 3074 usu
1045 3017 1235 3091 remansisse,
1263 3018 1435 3094 simpuvium
1462 3018 1595 3079 ostendit

240 3111 365 3186 Numae,
387 3129 445 3188 qno
466 3110 501 3168 de
522 3111 671 3196 quenalis
693 3113 732 3186 (6,
747 3111 832 3185 341):
859 3120 883 3167 el
912 3115 971 3186 quie
990 3119 1052 3167 tuac
1075 3112 1211 3168 bominum
1231 3121 1397 3188 comtempler
1416 3116 1550 3171 camiros?
1569 3124 1595 3172 et

242 3209 301 3280 quis
320 3210 481 3282 simpuvium
500 3206 590 3262 ridere
609 3205 719 3266 Numae
743 3209 903 3282 uiprumque
928 3210 1046 3264 caunum
1066 3224 1149 3262 auara
1168 3207 1246 3264 erati
1275 3205 1455 3282 simpuvium
1476 3207 1593 3267 Numae

241 3290 302 3358 fere
322 3307 355 3360 ut
374 3317 478 3358 numen
500 3297 648 3375 quoddam
676 3298 806 3356 diuinum
826 3299 979 3358 Romanos
1000 3299 1143 3360 adorasse
1164 3298 1341 3358 Prudentius
1364 3303 1467 3376 (γνοποι.
1481 3303 1590 3375 2,277)

241 3401 345 3454 auctor
375 3400 437 3468 est,
467 3409 532 3452 enm
562 3392 678 3452 scribit:
710 3395 845 3468 quidquid
863 3393 1011 3462 Quiritium
1036 3405 1158 3452 macerat
1179 3413 1261 3452 orare
1284 3399 1446 3470 simpuvium
1464 3395 1593 3468 Numae,-

242 3489 395 3564 rerbisque
415 3487 451 3546 iis
471 3489 580 3564 optime
601 3505 671 3546 neus
700 3495 746 3546 est
769 3487 895 3548 Rossius
923 3486 962 3546 ad
991 3487 1193 3546 illustrandum
1224 3490 1310 3548 ritum
1339 3489 1414 3548 ollas
1440 3490 1592 3564 precandi,

243 3582 343 3659 quiin
365 3581 439 3640 actis
460 3583 560 3659 paullo
587 3589 657 3658 post
682 3589 866 3641 uremoratur.
908 3581 992 3642 Ollas
1019 3589 1114 3640 summ
1137 3583 1335 3658 comprecari
1356 3584 1435 3643 soliti
1456 3584 1591 3645 sintar-

241 3677 332 3750 vales,
353 3675 455 3736 mirum
476 3693 532 3736 nou
553 3683 613 3752 est,
641 3675 720 3752 quod
746 3676 833 3736 etiam
860 3693 976 3734 sermm
1002 3675 1037 3734 iis
1057 3677 1181 3735 iecerint
1194 3677 1222 3752 ¹).
1265 3675 1330 3750 Quo
1350 3677 1428 3738 laeto
1450 3679 1592 3754 magister

1541 3847 1591 3856 ι·-

312 3970 331 4035 Ι)
350 3966 428 4024 Ollas
447 3976 574 4041 repertas
597 3984 660 4023 esee
680 3968 892 4024 Roseiusuotat
943 3971 1052 4024 ricae-ala
1087 3986 1149 4022 σοον
1184 3971 1278 4023 cedam
1301 3972 1388 4023 melre
1414 3971 1492 4039 dupli
1518 3975 1592 4026 ιοοοι·

238 4052 277 4110 'ia
295 4075 331 4110 um
350 4067 520 4124 aurearoma,
540 4059 605 4112 douc
623 4057 800 4110 illedimeato
820 4057 890 4110 delle
940 4075 1009 4126 pure
1026 4077 1063 4110 ua
1080 4060 1243 4127 frammeate
1267 4058 1296 4110 di
1314 4067 1387 4110 terra
1410 4069 1479 4112 cotto
1504 4063 1591 4114 simile

241 4156 309 4198 terre
326 4163 381 4198 moa
404 4163 451 4200 era
473 4147 638 4200 ι’·ίνποιοοίοιο
662 4146 699 4197 da
721 4144 796 4196 molti
818 4146 891 4196 scaci
943 4148 998 4199 alle
1015 4157 1132 4215 οοορονκο
1157 4145 1202 4197 ael
1225 4145 1283 4198 luco
1301 4146 1420 4198 arealieo
1439 4184 1445 4196 .
1465 4185 1472 4198 .
1493 4183 1527 4200 ..
1565 4146 1592 4200 ll

241 4234 383 4298 anteriori,
408 4235 441 4286 αλ
460 4234 485 4286 le
503 4235 616 4287 macerie
634 4249 716 4284 οποπο
734 4241 801 4284 etate
814 4235 890 4284 tritu·
943 4244 1073 4286 carattere
1091 4233 1154 4286 dell'
1168 4243 1226 4285 erte
1239 4249 1345 4285 comune
1358 4250 1376 4284 a
1388 4243 1478 4286 tuttee
1497 4237 1591 4289 dietim-

239 4331 298 4374 rate
316 4321 383 4374 dall'
403 4339 494 4374 αππαα
518 4321 690 4374 coltieaeioae
709 4319 785 4372 della
801 4323 888 4388 σίραο.
943 4323 995 4373 lieo
1013 4321 1077 4373 dell'
1095 4338 1176 4390 epoca
1193 4329 1293 4372 remota
1311 4319 1341 4372 di
1359 4331 1452 4374 comte
1469 4325 1591 4392 stampiis

242 4407 325 4462 Baete
343 4425 478 4462 conoscere
498 4409 626 4477 alquanto
644 4409 668 4460 il
675 4409 801 4477 pradello
820 4409 889 4460 delle
942 4409 996 4461 ila
1006 4419 1108 4462 cultura
1122 4409 1347 4478 imperfetlieeima
1356 4411 1427 4461 ostia
1437 4409 1589 4464 ramma·

244 4497 682 4566 taateeecaeaeioaiebeeisaaao
701 4497 890 4550 aaaualmeate
941 4498 1056 4560 limante,
1081 4513 1131 4564 per
1149 4497 1172 4548 il
1189 4497 1268 4564 quale
1285 4497 1309 4550 il
1326 4497 1412 4550 colore
1434 4499 1589 4550 ordinaria·

241 4586 286 4638 mel
303 4595 393 4637 morbo
412 4585 570 4646 suburbana.
589 4602 602 4637 ο
618 4601 772 4652 percurrere
792 4585 816 4636 le
828 4603 887 4636 ιοο-
941 4595 1024 4636 mente
1042 4601 1105 4636 aero
1125 4585 1251 4637 &uariata
1261 4586 1294 4638 ed
1302 4587 1332 4637 im
1342 4585 1430 4637 taleni
1431 4585 1591 4652 frammenti

240 4675 310 4724 riute
330 4673 469 4724 eolleeioai
487 4673 517 4724 ἀι·
535 4673 633 4724 cimelii
650 4675 690 4725 ae'
709 4674 889 4725 meabimueei
939 4673 1084 4723 e’aouicima
1102 4673 1222 4724 σίνοντο
1241 4671 1421 4739 σάοίρίιιίίο.
1452 4669 1588 4740 Lapatia,

238 4775 290 4828 per·
307 4760 399 4811 cedere
418 4761 519 4824 aliare,
538 4771 640 4828 quanta
658 4762 671 4812 ὲ
690 4761 719 4811 la
730 4760 890 4830 eimpolarilb
942 4769 1037 4810 tramae
1051 4759 1137 4827 prebe
1155 4760 1295 4818 eccesiam,
1315 4759 1415 4810 lausai
1431 4761 1589 4826 ροοοκοίσαο

242 4847 305 4899 dell
324 4859 467 4900 aeeeauoto
486 4859 654 4901 aeramento.
690 4847 731 4899 Na
744 4849 827 4899 amabe
840 4863 890 4915 per
943 4861 956 4896 e
974 4845 1043 4897 male
1060 4846 1239 4913 manipolcta,
1263 4847 1293 4898 di
1310 4847 1432 4898 muniere
1449 4847 1496 4900 elle
1513 4863 1541 4899 ee
1557 4863 1589 4898 as

242 4952 301 4989 σσιο
318 4937 478 4990 eeemiomale
491 4936 602 5006 qualche
614 4935 769 5004 arebealopo
781 4951 891 4988 romane
942 4933 1074 4986 ricoarae
1094 4941 1287 4999 patmeememe
1310 4934 1339 4986 la
1365 4935 1479 4990 materia
1502 4936 1589 5002 prisea
