3574 5592
729 327 790 382 dies
810 331 920 400 primus.
1460 339 1498 404 13

498 499 581 582 quod
605 501 693 586 pueri
716 504 841 588 patrimi
864 515 1016 572 electura
1038 519 1197 592 utsupra.

498 609 529 666 in
552 609 630 668 antis
652 608 793 670 sidentur
816 613 921 674 eadam
936 614 1033 692 fuisse
1049 635 1127 696 quiae
1142 617 1173 676 in
1190 618 1268 678 actis
1284 637 1312 680 a.
1327 617 1388 678 120
1404 619 1502 700 iisque

541 730 618 790 quiae
639 713 848 790 praearduam
868 723 994 778 seranta
1017 720 1095 780 anim
1117 727 1187 780 aurit
1208 721 1301 782 bace:
1324 769 1498 784 ........

542 861 616 876 ....
641 813 696 878 icis
724 813 766 878 ad
794 835 881 882 aram
910 866 1090 883 ........
1114 825 1326 905 nominumque
1348 825 1499 906 reliquiae

540 919 713 980 nonnullae.

492 1021 742 1086 ministrantibus
770 1023 877 1104 pueris
906 1023 1047 1106 patrimis
1076 1032 1107 1091 et
1135 1029 1288 1094 matrimis
1316 1037 1496 1096 senatorum

541 1121 600 1186 filis
635 1131 817 1206 (sequnntur
850 1129 974 1191 recmlrea
997 1139 1155 1211 quattuor)
1189 1151 1258 1196 cum
1292 1131 1426 1217 publicis
1455 1133 1496 1197 ad

537 1247 625 1290 aram
649 1219 821 1292 retulerunt
838 1227 868 1306 ¹).

500 1333 517 1396 Ι)
536 1333 581 1454 pul
600 1333 713 1454 epnpepit
732 1332 839 1384 debebat
858 1336 971 1386 seribere
990 1345 1035 1388 aut
1054 1337 1131 1405 prreri
1150 1349 1195 1390 eet.
1209 1337 1368 1404 retulerunt,
1389 1351 1434 1392 aut
1453 1356 1494 1392 rc·

552 1418 615 1455 eren
632 1419 638 1453 1
661 1418 699 1456 us.

493 1515 524 1572 et
546 1529 603 1592 per
630 1527 746 1592 pueros
773 1515 1015 1592 praetextlatos)
1047 1518 1253 1594 [sanctiorum
1281 1513 1362 1577 filios
1390 1520 1421 1577 et
1443 1534 1496 1596 pu-

538 1611 663 1690 bliclos)
687 1609 753 1691 n[dl
777 1631 865 1675 aram
888 1616 1118 1697 pertulleruntl.

493 1713 768 1794 ministrantibus)
798 1717 931 1798 puertia)
958 1721 1165 1804 praetextatis
1194 1729 1225 1788 et
1253 1726 1335 1804 crrlm
1359 1719 1494 1806 publicis

538 1816 580 1881 ad
604 1835 692 1880 aram
716 1819 974 1901 relerentfibusil.

856 1999 1010 2007 „⁴..—....-—..

493 2113 666 2194 {spolrtulis
690 2117 834 2178 cenatum
859 2119 918 2194 [est
940 2117 1068 2184 denaris
1093 2119 1243 2197 centenis]
1263 2120 1294 2192 ¹).

499 2214 517 2276 ¹)
537 2218 569 2282 as.
590 2229 649 2268 acta
668 2218 770 2270 dierum
788 2222 897 2272 sccn'ndi
915 2233 939 2274 et
959 2225 1035 2274 tertii.

492 2311 521 2366 et
545 2311 731 2385 ungueutta]
756 2314 786 2370 et
809 2329 942 2374 sororias
961 2319 1153 2396 acceperunt
1168 2313 1241 2376 etin
1255 2311 1403 2376 mantelis
1417 2311 1494 2396 {pul-

534 2409 683 2489 mlcnta¹)
707 2407 865 2494 elluinus}
890 2413 1103 2494 rorrtigerunt:
1127 2417 1201 2481 item
1228 2435 1338 2480 mensa
1355 2413 1494 2478 secunda

535 2511 764 2593 bellarior(um)
799 2513 905 2578 divisa
939 2523 986 2580 est
1020 2525 1051 2581 et
1084 2519 1243 2602 sportulas
1277 2516 1494 2600 aeceper(unt)
1569 2565 1574 2570 -

534 2613 717 2680 sacerdotes
748 2616 973 2700 impleratorist
1008 2621 1170 2702 sufflasti)
1206 2626 1236 2684 et
1264 2619 1359 2684 ceteri
1393 2639 1494 2684 sacer·

533 2717 622 2782 dotes
646 2717 726 2803 qlui)
750 2723 873 2804 s(upra]
889 2721 1021 2804 slcripti)
1038 2727 1134 2802 slrrrrt)
1147 2730 1177 2788 et
1188 2720 1320 2808 rosalnr]
1333 2723 1492 2802 solutalm]

534 2820 736 2906 diviserlunt)
759 2821 865 2904 ibique
889 2823 1020 2905 felic(ia)
1036 2826 1059 2905 ¹)
1083 2825 1265 2906 dixerlunt).

494 2925 512 2986 ¹)
533 2924 689 2990 [lrnmlenta
706 2927 822 2976 restituit
841 2926 989 2980 llari-uina:
1012 2931 1108 2995 scripsi
1125 2927 1267 2998 pulmenta
1284 2939 1393 2998 propter
1411 2931 1493 2981 caari·

535 2997 648 3046 manium
671 2997 841 3063 cantinqendi
858 2999 960 3064 pultes,
989 3000 1021 3051 ele
1049 3020 1100 3068 qius
1125 3003 1157 3069 ef.
1178 3001 1313 3052 acindini
1332 3001 1403 3052 tertii
1420 3001 1493 3051 sacri

535 3084 560 3118 a.
578 3067 630 3118 219
649 3067 781 3120 celebrati.

492 3135 513 3195 ²)
534 3135 653 3189 feliciter
671 3137 783 3203 explerit
803 3140 870 3190 idem
887 3158 984 3206 parum
1002 3151 1085 3204 νεώ,-
1104 3144 1137 3210 es.
1158 3151 1217 3194 irata
1235 3159 1259 3193 n.
1275 3141 1334 3194 219.

489 3247 520 3306 et
542 3244 713 3323 ungrrenta]
727 3243 943 3328 accleperunt)
957 3253 988 3308 ct
1000 3251 1161 3327 commas)
1174 3246 1391 3328 eonvivnsses),
1405 3267 1490 3310 marr-

532 3343 616 3430 tellis
628 3344 731 3428 pultes
750 3345 771 3426 ¹)
788 3346 1012 3428 contigermnt)
1036 3355 1067 3413 et
1091 3353 1238 3428 colronas
1262 3355 1293 3413 et
1308 3350 1492 3434 sport(ulas)

533 3450 748 3531 acc(eperunt)
772 3448 913 3531 singluli)
936 3449 1085 3516 denarios
1108 3453 1201 3517 XXV
1217 3451 1250 3534 ²).

493 3553 511 3609 'i
530 3553 563 3620 cf.
584 3561 642 3602 acta
661 3570 686 3602 a.
705 3553 758 3604 ‘218
775 3570 802 3602 n.
816 3553 839 3603 1.

490 3623 510 3686 ²)
530 3640 561 3674 aa
580 3639 646 3690 quae
665 3633 812 3688 separantur
829 3624 895 3674 male
914 3625 1033 3676 breviata
1053 3636 1076 3677 at
1090 3625 1254 3693 nepleyenter
1267 3636 1378 3678 exarata
1391 3627 1494 3678 restitui

534 3703 670 3758 nequeunt.
713 3691 840 3746 Videntur
860 3707 944 3746 tamen
960 3698 1091 3760 pertinere
1110 3697 1146 3746 ad
1176 3700 1290 3749 rationes
1316 3699 1492 3762 impensarum

532 3765 738 3832 divisionumque
757 3782 824 3831 quaa
843 3767 984 3818 Annalibus
996 3769 1088 3835 faetere
1106 3769 1168 3820 sint.

215 4115 402 4190 Comparatis
423 4114 500 4172 inter
520 4131 551 4172 se
573 4115 647 4173 actis
676 4131 814 4172 asinorum
842 4113 1026 4190 potissimum
1047 4117 1102 4173 218
1124 4123 1153 4172 et
1173 4116 1226 4172 241
1251 4113 1286 4172 de
1308 4115 1490 4172 caerimoniis

132 4210 196 4268 diei
211 4209 296 4282 primi
317 4210 391 4268 satis
413 4215 538 4268 canstat.
581 4210 621 4266 Et
646 4209 740 4285 prima
765 4209 881 4284 quidem
908 4209 972 4266 luce
1001 4209 1216 4267 conveniebant
1237 4209 1364 4266 Arvales
1392 4209 1490 4266 autin

131 4305 253 4362 domum
274 4304 407 4378 magistri
428 4303 539 4362 aliusve
561 4303 713 4362 cuiusdam
734 4303 867 4378 collegae
888 4311 937 4362 aut
959 4305 988 4360 in
1003 4305 1144 4378 templum
1158 4305 1299 4362 Diuorum
1319 4305 1348 4361 in
1363 4302 1491 4376 Palatio,

132 4396 370 4472 sacrificiumque
393 4397 465 4456 deae
487 4398 560 4456 Diae
582 4398 717 4473 concepit
737 4399 880 4474 magister
901 4399 962 4457 sive
985 4399 1034 4474 qui
1055 4399 1118 4457 viee
1140 4399 1201 4456 eius
1218 4399 1406 4474 fungebatur,
1426 4403 1489 4456 ture

131 4499 166 4550 et
187 4491 271 4562 vin0;
291 4491 333 4548 ita
353 4491 428 4549 enim
450 4490 545 4550 hiatus
568 4493 595 4549 in
616 4493 690 4551 actis
712 4511 736 4550 a.
757 4495 811 4550 241
835 4491 949 4550 videtur
969 4493 1133 4570 explendus
1155 4511 1220 4552 esse
1242 4511 1277 4551 ex
1294 4493 1328 4550 iis
1344 4509 1420 4568 quae
1434 4491 1490 4568 ipsi

132 4585 265 4646 Arvales
281 4585 378 4644 statim
392 4595 461 4662 post
481 4587 617 4645 dicuntur
637 4585 753 4646 iecisse.
783 4586 914 4646 Verbum
929 4589 1099 4664 eoruripienrli
1114 4589 1259 4647 Marinius
1281 4589 1489 4662 interpretatus

137 4687 187 4740 est
208 4687 297 4738 antea
316 4679 352 4738 dc
374 4681 518 4740 sacrificio
539 4683 693 4755 incipienda
715 4683 755 4757 (p.
773 4681 848 4754 199),
869 4691 974 4756 postea
994 4681 1030 4738 de
1052 4700 1087 4740 eo
1102 4683 1236 4758 sariendo
1257 4683 1302 4741 vel
1320 4683 1490 4758 parapanda,

138 4775 309 4834 narratione
330 4775 423 4834 allata
437 4775 512 4834 Livii
534 4777 572 4850 (5,
591 4775 647 4850 17),
663 4775 712 4852 qni
731 4779 905 4850 roupi-stratus
922 4776 1024 4834 scribit
1037 4780 1101 4833 ritio
1116 4788 1223 4834 creatos
1236 4778 1356 4834 Latinas
1369 4793 1489 4832 aaaron·

135 4891 189 4947 que
222 4875 249 4926 in
281 4871 389 4926 Albarm
420 4881 508 4927 ouante
538 4890 593 4926 nan
621 4873 670 4926 rite
703 4875 862 4945 conrupisse.
910 4869 971 4928 Sed
1002 4879 1031 4928 et
1061 4871 1116 4929 boc
1148 4873 1213 4930 loco
1241 4873 1360 4930 verbnm
1392 4869 1489 4929 conci-

135 4964 240 5042 piendi
262 4964 298 5023 de
320 4965 451 5024 sollemni
473 4967 548 5024 sacri
563 4965 722 5024 indictione
738 4965 966 5040 intellegendum
984 4973 1029 5023 est
1050 4967 1099 5042 (cl.
1114 4967 1328 5027 Weissenborn
1350 4965 1389 5026 ad
1413 4965 1431 5024 l.
1444 4963 1490 5040 c),
