<?xml version="1.0" encoding="UTF-8"?>
<!DOCTYPE html PUBLIC "-//W3C//DTD XHTML 1.0 Transitional//EN"
    "http://www.w3.org/TR/xhtml1/DTD/xhtml1-transitional.dtd">
<html xmlns="http://www.w3.org/1999/xhtml" xml:lang="en" lang="en">
 <head>
  <title>
</title>
<meta http-equiv="Content-Type" content="text/html;charset=utf-8" />
  <meta name='ocr-system' content='tesseract 3.04.00' />
  <meta name='ocr-capabilities' content='ocr_page ocr_carea ocr_par ocr_line ocrx_word'/>
</head>
<body>
  <div class='ocr_page' id='page_1' title='image "./actafratrumarva01henzgoog_0424.png"; bbox 0 0 3592 5598; ppageno 0'>
   <div class='ocr_carea' id='block_1_1' title="bbox 798 293 1556 366">
    <p class='ocr_par' dir='ltr' id='par_1_1' title="bbox 798 293 1556 366">
     <span class='ocr_line' id='line_1_1' title="bbox 798 293 1556 366; baseline 0 -16"><span class='ocrx_word' id='word_1_1' title='bbox 798 293 956 366; x_wconf 78' lang='lat' dir='ltr'><strong>Coepistio.</strong></span> <span class='ocrx_word' id='word_1_2' title='bbox 1220 317 1222 324; x_wconf 60' lang='lat'><strong>⁴</strong></span> <span class='ocrx_word' id='word_1_3' title='bbox 1496 297 1556 364; x_wconf 83' lang='lat'><strong>155</strong></span> 
     </span>
    </p>
   </div>
   <div class='ocr_carea' id='block_1_2' title="bbox 193 465 1558 1018">
    <p class='ocr_par' dir='ltr' id='par_1_2' title="bbox 193 465 1558 1018">
     <span class='ocr_line' id='line_1_2' title="bbox 196 465 1558 544; baseline -0.006 -11"><span class='ocrx_word' id='word_1_4' title='bbox 196 491 263 533; x_wconf 92' lang='lat' dir='ltr'><strong>eam</strong></span> <span class='ocrx_word' id='word_1_5' title='bbox 282 479 354 532; x_wconf 91' lang='lat' dir='ltr'><strong>nota</strong></span> <span class='ocrx_word' id='word_1_6' title='bbox 372 472 480 531; x_wconf 85' lang='lat' dir='ltr'><strong>iactam</strong></span> <span class='ocrx_word' id='word_1_7' title='bbox 503 485 567 526; x_wconf 90' lang='lat' dir='ltr'><strong>esse</strong></span> <span class='ocrx_word' id='word_1_8' title='bbox 583 483 620 528; x_wconf 86' lang='lat' dir='ltr'><strong>ex</strong></span> <span class='ocrx_word' id='word_1_9' title='bbox 640 467 746 528; x_wconf 89' lang='lat' dir='ltr'><strong>litteris</strong></span> <span class='ocrx_word' id='word_1_10' title='bbox 763 465 883 528; x_wconf 81' lang='lat' dir='ltr'><strong>Traiani</strong></span> <span class='ocrx_word' id='word_1_11' title='bbox 906 469 968 528; x_wconf 87' lang='lat' dir='ltr'><strong>rita</strong></span> <span class='ocrx_word' id='word_1_12' title='bbox 986 469 1043 526; x_wconf 90' lang='lat' dir='ltr'><strong>ium</strong></span> <span class='ocrx_word' id='word_1_13' title='bbox 1065 468 1173 526; x_wconf 89' lang='lat' dir='ltr'><strong>iuneti:</strong></span> <span class='ocrx_word' id='word_1_14' title='bbox 1195 473 1226 526; x_wconf 90' lang='lat' dir='ltr'><strong>ut</strong></span> <span class='ocrx_word' id='word_1_15' title='bbox 1239 473 1385 544; x_wconf 89' lang='lat' dir='ltr'><strong>appareat</strong></span> <span class='ocrx_word' id='word_1_16' title='bbox 1404 468 1517 528; x_wconf 74' lang='lat' dir='ltr'><strong>litteras</strong></span> <span class='ocrx_word' id='word_1_17' title='bbox 1540 487 1558 526; x_wconf 92' lang='lat' dir='ltr'><strong>a</strong></span> 
     </span>
     <span class='ocr_line' id='line_1_3' title="bbox 195 549 1557 640; baseline -0.005 -13"><span class='ocrx_word' id='word_1_18' title='bbox 195 567 330 628; x_wconf 87' lang='lat' dir='ltr'><strong>Traiano</strong></span> <span class='ocrx_word' id='word_1_19' title='bbox 351 549 419 625; x_wconf 76' lang='lat' dir='ltr'><strong>ante</strong></span> <span class='ocrx_word' id='word_1_20' title='bbox 444 566 565 622; x_wconf 83' lang='lat' dir='ltr'><strong>martem</strong></span> <span class='ocrx_word' id='word_1_21' title='bbox 583 562 692 632; x_wconf 71' lang='lat' dir='ltr'><strong>,missas</strong></span> <span class='ocrx_word' id='word_1_22' title='bbox 714 581 791 620; x_wconf 92' lang='lat' dir='ltr'><strong>anno</strong></span> <span class='ocrx_word' id='word_1_23' title='bbox 813 562 928 621; x_wconf 91' lang='lat' dir='ltr'><strong>demum</strong></span> <span class='ocrx_word' id='word_1_24' title='bbox 956 563 1120 640; x_wconf 81' lang='lat' dir='ltr'>insequenti</span> <span class='ocrx_word' id='word_1_25' title='bbox 1151 563 1179 622; x_wconf 92' lang='lat' dir='ltr'><strong>iu</strong></span> <span class='ocrx_word' id='word_1_26' title='bbox 1210 563 1311 620; x_wconf 87' lang='lat' dir='ltr'><strong>urbem</strong></span> <span class='ocrx_word' id='word_1_27' title='bbox 1343 563 1451 620; x_wconf 86' lang='lat' dir='ltr'><strong>allatas</strong></span> <span class='ocrx_word' id='word_1_28' title='bbox 1482 579 1557 620; x_wconf 84' lang='lat' dir='ltr'><strong>esse.</strong></span> 
     </span>
     <span class='ocr_line' id='line_1_4' title="bbox 196 655 1556 734; baseline -0.005 -13"><span class='ocrx_word' id='word_1_29' title='bbox 196 659 432 720; x_wconf 90' lang='lat' dir='ltr'><strong>Nominatiouem</strong></span> <span class='ocrx_word' id='word_1_30' title='bbox 453 667 484 716; x_wconf 89' lang='lat' dir='ltr'><strong>et</strong></span> <span class='ocrx_word' id='word_1_31' title='bbox 503 657 749 716; x_wconf 74' lang='lat' dir='ltr'><strong>renuntiationem</strong></span> <span class='ocrx_word' id='word_1_32' title='bbox 771 657 920 715; x_wconf 89' lang='lat' dir='ltr'><strong>sollemnis</strong></span> <span class='ocrx_word' id='word_1_33' title='bbox 943 658 1096 734; x_wconf 89' lang='lat' dir='ltr'><strong>cooptatio</strong></span> <span class='ocrx_word' id='word_1_34' title='bbox 1117 665 1219 715; x_wconf 87' lang='lat' dir='ltr'><strong>secata</strong></span> <span class='ocrx_word' id='word_1_35' title='bbox 1238 661 1294 730; x_wconf 89' lang='lat' dir='ltr'><strong>est,</strong></span> <span class='ocrx_word' id='word_1_36' title='bbox 1315 675 1374 732; x_wconf 88' lang='lat' dir='ltr'><strong>qua</strong></span> <span class='ocrx_word' id='word_1_37' title='bbox 1395 655 1556 732; x_wconf 75' lang='lat' dir='ltr'><strong>perfectam</strong></span> 
     </span>
     <span class='ocr_line' id='line_1_5' title="bbox 193 749 1557 827; baseline -0.006 -13"><span class='ocrx_word' id='word_1_38' title='bbox 193 761 224 814; x_wconf 91' lang='lat' dir='ltr'><strong>et</strong></span> <span class='ocrx_word' id='word_1_39' title='bbox 251 754 419 814; x_wconf 88' lang='lat' dir='ltr'><strong>absolutam</strong></span> <span class='ocrx_word' id='word_1_40' title='bbox 448 769 515 810; x_wconf 87' lang='lat' dir='ltr'><strong>esse</strong></span> <span class='ocrx_word' id='word_1_41' title='bbox 547 751 725 810; x_wconf 83' lang='lat' dir='ltr'><strong>creationem</strong></span> <span class='ocrx_word' id='word_1_42' title='bbox 752 751 820 808; x_wconf 88' lang='lat' dir='ltr'><strong>inde</strong></span> <span class='ocrx_word' id='word_1_43' title='bbox 846 759 948 827; x_wconf 86' lang='lat' dir='ltr'><strong>patet,</strong></span> <span class='ocrx_word' id='word_1_44' title='bbox 975 751 1055 827; x_wconf 90' lang='lat' dir='ltr'><strong>quod</strong></span> <span class='ocrx_word' id='word_1_45' title='bbox 1081 751 1253 812; x_wconf 86' lang='lat' dir='ltr'><strong>secerdotes</strong></span> <span class='ocrx_word' id='word_1_46' title='bbox 1284 749 1445 825; x_wconf 88' lang='lat' dir='ltr'><strong>coaptandi</strong></span> <span class='ocrx_word' id='word_1_47' title='bbox 1477 749 1557 806; x_wconf 92' lang='lat' dir='ltr'><strong>haud</strong></span> 
     </span>
     <span class='ocr_line' id='line_1_6' title="bbox 194 843 1558 922; baseline -0.004 -16"><span class='ocrx_word' id='word_1_48' title='bbox 194 863 264 906; x_wconf 90' lang='lat' dir='ltr'><strong>raro</strong></span> <span class='ocrx_word' id='word_1_49' title='bbox 284 847 360 906; x_wconf 91' lang='lat' dir='ltr'><strong>inter</strong></span> <span class='ocrx_word' id='word_1_50' title='bbox 379 865 431 906; x_wconf 90' lang='lat' dir='ltr'><strong>eos</strong></span> <span class='ocrx_word' id='word_1_51' title='bbox 453 851 656 916; x_wconf 77' lang='lat' dir='ltr'><strong>recensentur,</strong></span> <span class='ocrx_word' id='word_1_52' title='bbox 677 845 726 920; x_wconf 93' lang='lat' dir='ltr'><strong>qui</strong></span> <span class='ocrx_word' id='word_1_53' title='bbox 748 845 931 920; x_wconf 90' lang='lat' dir='ltr'><strong>cooptationi</strong></span> <span class='ocrx_word' id='word_1_54' title='bbox 955 844 1125 916; x_wconf 88' lang='lat' dir='ltr'><strong>adiueruut;</strong></span> <span class='ocrx_word' id='word_1_55' title='bbox 1153 845 1190 903; x_wconf 90' lang='lat' dir='ltr'><strong>ei.</strong></span> <span class='ocrx_word' id='word_1_56' title='bbox 1212 853 1303 922; x_wconf 87' lang='lat' dir='ltr'><strong>ceput</strong></span> <span class='ocrx_word' id='word_1_57' title='bbox 1323 843 1403 922; x_wconf 92' lang='lat' dir='ltr'><strong>quod</strong></span> <span class='ocrx_word' id='word_1_58' title='bbox 1425 843 1558 920; x_wconf 89' lang='lat' dir='ltr'><strong>sequitur</strong></span> 
     </span>
     <span class='ocr_line' id='line_1_7' title="bbox 195 939 678 1018; baseline -0.012 -20"><span class='ocrx_word' id='word_1_59' title='bbox 195 941 233 998; x_wconf 91' lang='lat' dir='ltr'><strong>de</strong></span> <span class='ocrx_word' id='word_1_60' title='bbox 253 941 290 1000; x_wconf 92' lang='lat' dir='ltr'><strong>ils</strong></span> <span class='ocrx_word' id='word_1_61' title='bbox 312 941 361 1018; x_wconf 90' lang='lat' dir='ltr'><strong>qni</strong></span> <span class='ocrx_word' id='word_1_62' title='bbox 383 940 544 998; x_wconf 85' lang='lat' dir='ltr'><strong>adsuerunt</strong></span> <span class='ocrx_word' id='word_1_63' title='bbox 563 956 591 1014; x_wconf 90' lang='lat' dir='ltr'><strong>p.</strong></span> <span class='ocrx_word' id='word_1_64' title='bbox 616 939 678 996; x_wconf 84' lang='grc'><strong>156,</strong></span> 
     </span>
    </p>
   </div>
   <div class='ocr_carea' id='block_1_3' title="bbox 193 1047 1559 1690">
    <p class='ocr_par' dir='ltr' id='par_1_3' title="bbox 193 1047 1559 1690">
     <span class='ocr_line' id='line_1_8' title="bbox 274 1047 1556 1126; baseline -0.004 -17"><span class='ocrx_word' id='word_1_65' title='bbox 274 1048 349 1110; x_wconf 88' lang='lat' dir='ltr'><strong>Cum</strong></span> <span class='ocrx_word' id='word_1_66' title='bbox 372 1049 562 1126; x_wconf 86' lang='lat' dir='ltr'><strong>coaptatione</strong></span> <span class='ocrx_word' id='word_1_67' title='bbox 583 1048 742 1106; x_wconf 85' lang='lat' dir='ltr'><strong>coniuncta</strong></span> <span class='ocrx_word' id='word_1_68' title='bbox 762 1053 828 1106; x_wconf 90' lang='lat' dir='ltr'><strong>erat</strong></span> <span class='ocrx_word' id='word_1_69' title='bbox 848 1047 1026 1108; x_wconf 76' lang='lat' dir='ltr'><strong>caerimonia</strong></span> <span class='ocrx_word' id='word_1_70' title='bbox 1046 1050 1172 1108; x_wconf 81' lang='lat' dir='ltr'><strong>vocandi</strong></span> <span class='ocrx_word' id='word_1_71' title='bbox 1193 1049 1233 1109; x_wconf 88' lang='lat' dir='ltr'><strong>ad</strong></span> <span class='ocrx_word' id='word_1_72' title='bbox 1260 1066 1361 1121; x_wconf 89' lang='lat' dir='ltr'><strong>sacra,</strong></span> <span class='ocrx_word' id='word_1_73' title='bbox 1383 1065 1470 1125; x_wconf 89' lang='lat' dir='ltr'><strong>quam</strong></span> <span class='ocrx_word' id='word_1_74' title='bbox 1492 1063 1556 1105; x_wconf 90' lang='lat' dir='ltr'><strong>eum</strong></span> 
     </span>
     <span class='ocr_line' id='line_1_9' title="bbox 197 1140 1557 1221; baseline -0.005 -18"><span class='ocrx_word' id='word_1_75' title='bbox 197 1142 327 1203; x_wconf 82' lang='lat' dir='ltr'><strong>Marinio</strong></span> <span class='ocrx_word' id='word_1_76' title='bbox 348 1141 430 1221; x_wconf 84' lang='lat' dir='ltr'><strong>(Are.</strong></span> <span class='ocrx_word' id='word_1_77' title='bbox 451 1162 479 1221; x_wconf 93' lang='lat' dir='ltr'><strong>p.</strong></span> <span class='ocrx_word' id='word_1_78' title='bbox 501 1142 595 1214; x_wconf 73' lang='lat' dir='ltr'>XIV)</span> <span class='ocrx_word' id='word_1_79' title='bbox 616 1149 646 1198; x_wconf 90' lang='lat' dir='ltr'><strong>et</strong></span> <span class='ocrx_word' id='word_1_80' title='bbox 664 1140 869 1217; x_wconf 82' lang='lat' dir='ltr'><strong>Marquardtio</strong></span> <span class='ocrx_word' id='word_1_81' title='bbox 890 1141 938 1216; x_wconf 86' lang='lat' dir='ltr'><strong>(li.</strong></span> <span class='ocrx_word' id='word_1_82' title='bbox 962 1143 998 1200; x_wconf 79' lang='lat' dir='ltr'><strong>A.</strong></span> <span class='ocrx_word' id='word_1_83' title='bbox 1018 1145 1038 1202; x_wconf 83' lang='lat'>4</span> <span class='ocrx_word' id='word_1_84' title='bbox 1058 1163 1085 1221; x_wconf 88' lang='lat' dir='ltr'><strong>p.</strong></span> <span class='ocrx_word' id='word_1_85' title='bbox 1106 1143 1175 1216; x_wconf 83' lang='lat'>409)</span> <span class='ocrx_word' id='word_1_86' title='bbox 1203 1142 1455 1217; x_wconf 81' lang='lat' dir='ltr'><strong>inaugurationem</strong></span> <span class='ocrx_word' id='word_1_87' title='bbox 1476 1140 1557 1216; x_wconf 88' lang='lat' dir='ltr'><strong>equi·</strong></span> 
     </span>
     <span class='ocr_line' id='line_1_10' title="bbox 196 1233 1557 1314; baseline -0.005 -18"><span class='ocrx_word' id='word_1_88' title='bbox 196 1235 263 1296; x_wconf 90' lang='lat' dir='ltr'><strong>dem</strong></span> <span class='ocrx_word' id='word_1_89' title='bbox 284 1237 375 1296; x_wconf 84' lang='lat' dir='ltr'><strong>luisse</strong></span> <span class='ocrx_word' id='word_1_90' title='bbox 398 1237 513 1296; x_wconf 87' lang='lat' dir='ltr'><strong>credidi</strong></span> <span class='ocrx_word' id='word_1_91' title='bbox 533 1236 638 1314; x_wconf 80' lang='lat' dir='ltr'><strong>(liciae.</strong></span> <span class='ocrx_word' id='word_1_92' title='bbox 661 1252 690 1311; x_wconf 88' lang='lat' dir='ltr'><strong>p.</strong></span> <span class='ocrx_word' id='word_1_93' title='bbox 706 1233 752 1292; x_wconf 87' lang='lat' dir='ltr'><strong>IV</strong></span> <span class='ocrx_word' id='word_1_94' title='bbox 775 1235 884 1309; x_wconf 86' lang='grc'><strong>1166),</strong></span> <span class='ocrx_word' id='word_1_95' title='bbox 905 1236 1069 1296; x_wconf 86' lang='lat' dir='ltr'><strong>Gemollius</strong></span> <span class='ocrx_word' id='word_1_96' title='bbox 1091 1237 1200 1312; x_wconf 70' lang='grc'><strong>(1123)</strong></span> <span class='ocrx_word' id='word_1_97' title='bbox 1221 1238 1316 1314; x_wconf 84' lang='lat' dir='ltr'><strong>ipsam</strong></span> <span class='ocrx_word' id='word_1_98' title='bbox 1338 1234 1557 1312; x_wconf 86' lang='lat' dir='ltr'><strong>cooptationem</strong></span> 
     </span>
     <span class='ocr_line' id='line_1_11' title="bbox 194 1327 1557 1409; baseline -0.004 -19"><span class='ocrx_word' id='word_1_99' title='bbox 194 1330 238 1391; x_wconf 90' lang='lat' dir='ltr'><strong>ita</strong></span> <span class='ocrx_word' id='word_1_100' title='bbox 256 1331 359 1409; x_wconf 84' lang='lat' dir='ltr'><strong>perlici</strong></span> <span class='ocrx_word' id='word_1_101' title='bbox 381 1333 494 1405; x_wconf 87' lang='lat' dir='ltr'><strong>statuit,</strong></span> <span class='ocrx_word' id='word_1_102' title='bbox 516 1340 549 1390; x_wconf 93' lang='lat' dir='ltr'><strong>ut</strong></span> <span class='ocrx_word' id='word_1_103' title='bbox 569 1346 663 1388; x_wconf 85' lang='lat' dir='ltr'><strong>novus</strong></span> <span class='ocrx_word' id='word_1_104' title='bbox 684 1327 826 1386; x_wconf 87' lang='lat' dir='ltr'><strong>sacerdos</strong></span> <span class='ocrx_word' id='word_1_105' title='bbox 848 1329 886 1386; x_wconf 93' lang='lat' dir='ltr'><strong>ad</strong></span> <span class='ocrx_word' id='word_1_106' title='bbox 908 1347 996 1389; x_wconf 89' lang='lat' dir='ltr'><strong>sacra</strong></span> <span class='ocrx_word' id='word_1_107' title='bbox 1017 1339 1146 1389; x_wconf 84' lang='lat' dir='ltr'><strong>vocetur.</strong></span> <span class='ocrx_word' id='word_1_108' title='bbox 1177 1331 1221 1388; x_wconf 93' lang='lat' dir='ltr'><strong>De</strong></span> <span class='ocrx_word' id='word_1_109' title='bbox 1243 1347 1303 1406; x_wconf 89' lang='lat' dir='ltr'><strong>qua</strong></span> <span class='ocrx_word' id='word_1_110' title='bbox 1321 1345 1353 1386; x_wconf 88' lang='lat' dir='ltr'><strong>re</strong></span> <span class='ocrx_word' id='word_1_111' title='bbox 1374 1335 1439 1387; x_wconf 88' lang='lat' dir='ltr'><strong>nter</strong></span> <span class='ocrx_word' id='word_1_112' title='bbox 1459 1345 1557 1386; x_wconf 85' lang='lat' dir='ltr'><strong>rerum</strong></span> 
     </span>
     <span class='ocr_line' id='line_1_12' title="bbox 193 1421 1559 1499; baseline -0.004 -17"><span class='ocrx_word' id='word_1_113' title='bbox 193 1425 340 1483; x_wconf 81' lang='lat' dir='ltr'><strong>invenerit</strong></span> <span class='ocrx_word' id='word_1_114' title='bbox 361 1426 426 1483; x_wconf 88' lang='lat' dir='ltr'><strong>aliis</strong></span> <span class='ocrx_word' id='word_1_115' title='bbox 448 1423 669 1484; x_wconf 88' lang='lat' dir='ltr'><strong>diiudicandum</strong></span> <span class='ocrx_word' id='word_1_116' title='bbox 697 1421 839 1498; x_wconf 90' lang='lat' dir='ltr'><strong>relinquo.</strong></span> <span class='ocrx_word' id='word_1_117' title='bbox 881 1421 941 1484; x_wconf 88' lang='lat' dir='ltr'><strong>Sed</strong></span> <span class='ocrx_word' id='word_1_118' title='bbox 973 1442 1037 1482; x_wconf 88' lang='lat' dir='ltr'><strong>cnm</strong></span> <span class='ocrx_word' id='word_1_119' title='bbox 1068 1441 1104 1482; x_wconf 92' lang='lat' dir='ltr'><strong>ne</strong></span> <span class='ocrx_word' id='word_1_120' title='bbox 1136 1423 1300 1483; x_wconf 83' lang='lat' dir='ltr'><strong>Gemollius</strong></span> <span class='ocrx_word' id='word_1_121' title='bbox 1332 1421 1449 1499; x_wconf 89' lang='lat' dir='ltr'><strong>quidem</strong></span> <span class='ocrx_word' id='word_1_122' title='bbox 1470 1429 1559 1496; x_wconf 85' lang='lat' dir='ltr'><strong>neget</strong></span> 
     </span>
     <span class='ocr_line' id='line_1_13' title="bbox 195 1514 1558 1595; baseline -0.004 -19"><span class='ocrx_word' id='word_1_123' title='bbox 195 1517 367 1577; x_wconf 87' lang='lat' dir='ltr'><strong>sacerdotes</strong></span> <span class='ocrx_word' id='word_1_124' title='bbox 398 1517 568 1594; x_wconf 89' lang='lat' dir='ltr'><strong>inaugurari</strong></span> <span class='ocrx_word' id='word_1_125' title='bbox 589 1517 757 1594; x_wconf 86' lang='lat' dir='ltr'><strong>oportuisse</strong></span> <span class='ocrx_word' id='word_1_126' title='bbox 789 1517 911 1594; x_wconf 70' lang='grc'><strong>(1122),</strong></span> <span class='ocrx_word' id='word_1_127' title='bbox 943 1537 999 1576; x_wconf 92' lang='lat' dir='ltr'><strong>uon</strong></span> <span class='ocrx_word' id='word_1_128' title='bbox 1027 1517 1187 1595; x_wconf 88' lang='lat' dir='ltr'><strong>perspicio,</strong></span> <span class='ocrx_word' id='word_1_129' title='bbox 1208 1535 1266 1594; x_wconf 93' lang='lat' dir='ltr'><strong>quo</strong></span> <span class='ocrx_word' id='word_1_130' title='bbox 1288 1517 1375 1574; x_wconf 88' lang='lat' dir='ltr'><strong>ruodo</strong></span> <span class='ocrx_word' id='word_1_131' title='bbox 1401 1514 1500 1574; x_wconf 87' lang='lat' dir='ltr'><strong>atatim</strong></span> <span class='ocrx_word' id='word_1_132' title='bbox 1520 1529 1558 1571; x_wconf 86' lang='lat' dir='ltr'><strong>ex</strong></span> 
     </span>
     <span class='ocr_line' id='line_1_14' title="bbox 195 1611 1491 1690; baseline -0.002 -20"><span class='ocrx_word' id='word_1_133' title='bbox 195 1613 386 1690; x_wconf 87' lang='lat' dir='ltr'><strong>coaptatione</strong></span> <span class='ocrx_word' id='word_1_134' title='bbox 408 1613 501 1671; x_wconf 87' lang='lat' dir='ltr'><strong>sacris</strong></span> <span class='ocrx_word' id='word_1_135' title='bbox 523 1611 630 1670; x_wconf 90' lang='lat' dir='ltr'><strong>adesse</strong></span> <span class='ocrx_word' id='word_1_136' title='bbox 652 1611 784 1687; x_wconf 84' lang='lat' dir='ltr'><strong>potuerit</strong></span> <span class='ocrx_word' id='word_1_137' title='bbox 804 1630 896 1672; x_wconf 85' lang='lat' dir='ltr'><strong>norus</strong></span> <span class='ocrx_word' id='word_1_138' title='bbox 918 1613 1038 1672; x_wconf 81' lang='lat' dir='ltr'><strong>Annalis</strong></span> <span class='ocrx_word' id='word_1_139' title='bbox 1060 1613 1116 1672; x_wconf 92' lang='lat' dir='ltr'><strong>nisi</strong></span> <span class='ocrx_word' id='word_1_140' title='bbox 1136 1615 1191 1672; x_wconf 90' lang='lat' dir='ltr'><strong>rite</strong></span> <span class='ocrx_word' id='word_1_141' title='bbox 1211 1613 1269 1671; x_wconf 89' lang='lat' dir='ltr'><strong>iam</strong></span> <span class='ocrx_word' id='word_1_142' title='bbox 1290 1611 1491 1686; x_wconf 87' lang='lat' dir='ltr'><strong>inauguratus.</strong></span> 
     </span>
    </p>
   </div>
   <div class='ocr_carea' id='block_1_4' title="bbox 194 1719 1559 2364">
    <p class='ocr_par' dir='ltr' id='par_1_4' title="bbox 194 1719 1559 2364">
     <span class='ocr_line' id='line_1_15' title="bbox 275 1719 1556 1800; baseline -0.004 -17"><span class='ocrx_word' id='word_1_143' title='bbox 275 1723 506 1799; x_wconf 77' lang='lat' dir='ltr'><strong>cooptationem</strong></span> <span class='ocrx_word' id='word_1_144' title='bbox 537 1727 608 1780; x_wconf 90' lang='lat' dir='ltr'><strong>nota</strong></span> <span class='ocrx_word' id='word_1_145' title='bbox 637 1723 821 1797; x_wconf 90' lang='lat' dir='ltr'><strong>temporibus</strong></span> <span class='ocrx_word' id='word_1_146' title='bbox 853 1725 1070 1800; x_wconf 84' lang='lat' dir='ltr'><strong>antiquioribus</strong></span> <span class='ocrx_word' id='word_1_147' title='bbox 1104 1725 1161 1783; x_wconf 90' lang='lat' dir='ltr'><strong>dici</strong></span> <span class='ocrx_word' id='word_1_148' title='bbox 1193 1742 1211 1780; x_wconf 90' lang='lat' dir='ltr'><strong>a</strong></span> <span class='ocrx_word' id='word_1_149' title='bbox 1241 1723 1384 1796; x_wconf 85' lang='lat' dir='ltr'><strong>magistro</strong></span> <span class='ocrx_word' id='word_1_150' title='bbox 1414 1719 1460 1778; x_wconf 85' lang='lat' dir='ltr'><strong>rel</strong></span> <span class='ocrx_word' id='word_1_151' title='bbox 1490 1736 1556 1795; x_wconf 90' lang='lat' dir='ltr'><strong>pro·</strong></span> 
     </span>
     <span class='ocr_line' id='line_1_16' title="bbox 195 1815 1555 1895; baseline -0.003 -19"><span class='ocrx_word' id='word_1_152' title='bbox 195 1818 340 1892; x_wconf 88' lang='lat' dir='ltr'><strong>magistro</strong></span> <span class='ocrx_word' id='word_1_153' title='bbox 363 1817 477 1876; x_wconf 90' lang='lat' dir='ltr'><strong>nomine</strong></span> <span class='ocrx_word' id='word_1_154' title='bbox 499 1815 617 1888; x_wconf 90' lang='lat' dir='ltr'><strong>collegii</strong></span> <span class='ocrx_word' id='word_1_155' title='bbox 638 1817 748 1874; x_wconf 88' lang='lat' dir='ltr'><strong>laetam</strong></span> <span class='ocrx_word' id='word_1_156' title='bbox 771 1833 836 1875; x_wconf 89' lang='lat' dir='ltr'><strong>esse</strong></span> <span class='ocrx_word' id='word_1_157' title='bbox 868 1820 907 1890; x_wconf 83' lang='lat' dir='ltr'><strong>(a.</strong></span> <span class='ocrx_word' id='word_1_158' title='bbox 929 1821 965 1878; x_wconf 88' lang='grc'><strong>14</strong></span> <span class='ocrx_word' id='word_1_159' title='bbox 986 1821 1051 1892; x_wconf 72' lang='grc'><strong>38),</strong></span> <span class='ocrx_word' id='word_1_160' title='bbox 1075 1827 1183 1895; x_wconf 88' lang='lat' dir='ltr'><strong>postea</strong></span> <span class='ocrx_word' id='word_1_161' title='bbox 1203 1818 1393 1878; x_wconf 87' lang='lat' dir='ltr'><strong>adstantibus</strong></span> <span class='ocrx_word' id='word_1_162' title='bbox 1414 1815 1555 1874; x_wconf 88' lang='lat' dir='ltr'><strong>fratribus</strong></span> 
     </span>
     <span class='ocr_line' id='line_1_17' title="bbox 196 1906 1558 1988; baseline -0.006 -17"><span class='ocrx_word' id='word_1_163' title='bbox 196 1913 334 1986; x_wconf 81' lang='lat' dir='ltr'><strong>collegae</strong></span> <span class='ocrx_word' id='word_1_164' title='bbox 356 1912 493 1969; x_wconf 90' lang='lat' dir='ltr'><strong>dicuntur</strong></span> <span class='ocrx_word' id='word_1_165' title='bbox 513 1909 646 1985; x_wconf 89' lang='lat' dir='ltr'><strong>cooptati</strong></span> <span class='ocrx_word' id='word_1_166' title='bbox 669 1927 735 1967; x_wconf 89' lang='lat' dir='ltr'><strong>esse</strong></span> <span class='ocrx_word' id='word_1_167' title='bbox 756 1911 794 1980; x_wconf 86' lang='lat' dir='ltr'><strong>(s.</strong></span> <span class='ocrx_word' id='word_1_168' title='bbox 816 1913 853 1970; x_wconf 84' lang='grc'><strong>69</strong></span> <span class='ocrx_word' id='word_1_169' title='bbox 875 1911 911 1970; x_wconf 83' lang='grc'><strong>18</strong></span> <span class='ocrx_word' id='word_1_170' title='bbox 932 1914 997 1985; x_wconf 91' lang='grc'><strong>81),</strong></span> <span class='ocrx_word' id='word_1_171' title='bbox 1026 1929 1118 1988; x_wconf 86' lang='lat' dir='ltr'><strong>neque</strong></span> <span class='ocrx_word' id='word_1_172' title='bbox 1139 1919 1236 1970; x_wconf 85' lang='lat' dir='ltr'><strong>tamen</strong></span> <span class='ocrx_word' id='word_1_173' title='bbox 1258 1911 1387 1984; x_wconf 86' lang='lat' dir='ltr'><strong>additur,</strong></span> <span class='ocrx_word' id='word_1_174' title='bbox 1408 1929 1427 1970; x_wconf 88' lang='lat' dir='ltr'><strong>a</strong></span> <span class='ocrx_word' id='word_1_175' title='bbox 1448 1927 1505 1986; x_wconf 90' lang='lat' dir='ltr'><strong>qun</strong></span> <span class='ocrx_word' id='word_1_176' title='bbox 1527 1906 1558 1964; x_wconf 91' lang='lat' dir='ltr'><strong>id</strong></span> 
     </span>
     <span class='ocr_line' id='line_1_18' title="bbox 194 2002 1556 2082; baseline -0.004 -17"><span class='ocrx_word' id='word_1_177' title='bbox 194 2008 305 2066; x_wconf 87' lang='lat' dir='ltr'><strong>laetum</strong></span> <span class='ocrx_word' id='word_1_178' title='bbox 326 2004 378 2076; x_wconf 88' lang='lat' dir='ltr'><strong>sit;</strong></span> <span class='ocrx_word' id='word_1_179' title='bbox 400 2005 437 2063; x_wconf 85' lang='lat' dir='ltr'><strong>ab</strong></span> <span class='ocrx_word' id='word_1_180' title='bbox 459 2021 537 2062; x_wconf 86' lang='lat' dir='ltr'><strong>auno</strong></span> <span class='ocrx_word' id='word_1_181' title='bbox 557 2002 624 2060; x_wconf 92' lang='lat' dir='ltr'><strong>iude</strong></span> <span class='ocrx_word' id='word_1_182' title='bbox 636 2004 673 2060; x_wconf 88' lang='lat'><strong>86</strong></span> <span class='ocrx_word' id='word_1_183' title='bbox 694 2004 823 2078; x_wconf 86' lang='lat' dir='ltr'><strong>collegio</strong></span> <span class='ocrx_word' id='word_1_184' title='bbox 843 2005 901 2081; x_wconf 89' lang='lat' dir='ltr'><strong>ipsi</strong></span> <span class='ocrx_word' id='word_1_185' title='bbox 922 2007 1075 2082; x_wconf 90' lang='lat' dir='ltr'><strong>coaptatio</strong></span> <span class='ocrx_word' id='word_1_186' title='bbox 1090 2007 1237 2066; x_wconf 86' lang='lat' dir='ltr'><strong>tribuitur.</strong></span> <span class='ocrx_word' id='word_1_187' title='bbox 1255 2037 1288 2048; x_wconf 91' lang='lat'><strong>—-</strong></span> <span class='ocrx_word' id='word_1_188' title='bbox 1310 2004 1468 2063; x_wconf 84' lang='lat' dir='ltr'><strong>Sollemnis</strong></span> <span class='ocrx_word' id='word_1_189' title='bbox 1489 2019 1556 2078; x_wconf 90' lang='lat' dir='ltr'><strong>pre·</strong></span> 
     </span>
     <span class='ocr_line' id='line_1_19' title="bbox 194 2095 1557 2176; baseline -0.004 -18"><span class='ocrx_word' id='word_1_190' title='bbox 194 2102 285 2170; x_wconf 87' lang='lat' dir='ltr'><strong>catio,</strong></span> <span class='ocrx_word' id='word_1_191' title='bbox 306 2116 383 2176; x_wconf 85' lang='lat' dir='ltr'><strong>quae</strong></span> <span class='ocrx_word' id='word_1_192' title='bbox 415 2105 483 2156; x_wconf 88' lang='lat' dir='ltr'><strong>ante</strong></span> <span class='ocrx_word' id='word_1_193' title='bbox 514 2098 732 2173; x_wconf 88' lang='lat' dir='ltr'><strong>cooptationem</strong></span> <span class='ocrx_word' id='word_1_194' title='bbox 764 2099 845 2157; x_wconf 80' lang='lat' dir='ltr'><strong>saeta</strong></span> <span class='ocrx_word' id='word_1_195' title='bbox 875 2117 941 2157; x_wconf 91' lang='lat' dir='ltr'><strong>essa</strong></span> <span class='ocrx_word' id='word_1_196' title='bbox 973 2101 1081 2160; x_wconf 90' lang='lat' dir='ltr'><strong>dieitur</strong></span> <span class='ocrx_word' id='word_1_197' title='bbox 1110 2101 1138 2158; x_wconf 93' lang='lat' dir='ltr'><strong>in</strong></span> <span class='ocrx_word' id='word_1_198' title='bbox 1170 2101 1244 2160; x_wconf 85' lang='lat' dir='ltr'><strong>actis</strong></span> <span class='ocrx_word' id='word_1_199' title='bbox 1272 2101 1326 2158; x_wconf 91' lang='grc'><strong>118</strong></span> <span class='ocrx_word' id='word_1_200' title='bbox 1347 2109 1377 2156; x_wconf 84' lang='lat' dir='ltr'><strong>et</strong></span> <span class='ocrx_word' id='word_1_201' title='bbox 1402 2100 1465 2170; x_wconf 80' lang='lat'><strong>120,</strong></span> <span class='ocrx_word' id='word_1_202' title='bbox 1486 2095 1557 2154; x_wconf 87' lang='lat' dir='ltr'><strong>nihil</strong></span> 
     </span>
     <span class='ocr_line' id='line_1_20' title="bbox 195 2192 1559 2272; baseline -0.004 -18"><span class='ocrx_word' id='word_1_203' title='bbox 195 2195 278 2254; x_wconf 85' lang='lat' dir='ltr'><strong>aliud</strong></span> <span class='ocrx_word' id='word_1_204' title='bbox 300 2193 414 2252; x_wconf 86' lang='lat' dir='ltr'><strong>ridetur</strong></span> <span class='ocrx_word' id='word_1_205' title='bbox 435 2193 525 2251; x_wconf 90' lang='lat' dir='ltr'><strong>luisse</strong></span> <span class='ocrx_word' id='word_1_206' title='bbox 547 2192 601 2250; x_wconf 89' lang='lat' dir='ltr'><strong>uisi</strong></span> <span class='ocrx_word' id='word_1_207' title='bbox 624 2210 700 2268; x_wconf 86' lang='lat' dir='ltr'><strong>quae</strong></span> <span class='ocrx_word' id='word_1_208' title='bbox 721 2193 748 2250; x_wconf 95' lang='lat' dir='ltr'><strong>iu</strong></span> <span class='ocrx_word' id='word_1_209' title='bbox 771 2196 845 2253; x_wconf 88' lang='lat' dir='ltr'><strong>netis</strong></span> <span class='ocrx_word' id='word_1_210' title='bbox 868 2213 892 2254; x_wconf 92' lang='lat' dir='ltr'><strong>a.</strong></span> <span class='ocrx_word' id='word_1_211' title='bbox 915 2197 971 2255; x_wconf 77' lang='grc'><strong>218</strong></span> <span class='ocrx_word' id='word_1_212' title='bbox 992 2195 1159 2272; x_wconf 90' lang='lat' dir='ltr'><strong>perscripta</strong></span> <span class='ocrx_word' id='word_1_213' title='bbox 1185 2203 1232 2253; x_wconf 88' lang='lat' dir='ltr'><strong>est</strong></span> <span class='ocrx_word' id='word_1_214' title='bbox 1261 2193 1386 2252; x_wconf 88' lang='lat' dir='ltr'><strong>lormuia</strong></span> <span class='ocrx_word' id='word_1_215' title='bbox 1415 2197 1559 2250; x_wconf 86' lang='lat' dir='ltr'><strong>consueta</strong></span> 
     </span>
     <span class='ocr_line' id='line_1_21' title="bbox 194 2289 603 2364; baseline -0.01 -17"><span class='ocrx_word' id='word_1_216' title='bbox 194 2291 271 2364; x_wconf 76' lang='lat' dir='ltr'><strong>quod</strong></span> <span class='ocrx_word' id='word_1_217' title='bbox 290 2289 387 2346; x_wconf 86' lang='lat' dir='ltr'><strong>bonurn</strong></span> <span class='ocrx_word' id='word_1_218' title='bbox 400 2291 526 2363; x_wconf 76' lang='lat' dir='ltr'><strong>forestam</strong></span> <span class='ocrx_word' id='word_1_219' title='bbox 547 2293 603 2344; x_wconf 86' lang='lat' dir='ltr'><strong>cet.</strong></span> 
     </span>
    </p>
   </div>
   <div class='ocr_carea' id='block_1_5' title="bbox 195 2412 1558 2584">
    <p class='ocr_par' dir='ltr' id='par_1_5' title="bbox 195 2412 1558 2584">
     <span class='ocr_line' id='line_1_22' title="bbox 275 2412 1558 2497; baseline -0.006 -23"><span class='ocrx_word' id='word_1_220' title='bbox 275 2413 504 2491; x_wconf 76' lang='lat' dir='ltr'><strong>cooptationem</strong></span> <span class='ocrx_word' id='word_1_221' title='bbox 527 2412 642 2472; x_wconf 85' lang='lat' dir='ltr'><strong>ridetur</strong></span> <span class='ocrx_word' id='word_1_222' title='bbox 663 2423 767 2474; x_wconf 88' lang='lat' dir='ltr'><strong>secuta</strong></span> <span class='ocrx_word' id='word_1_223' title='bbox 788 2433 854 2476; x_wconf 90' lang='lat' dir='ltr'><strong>esse</strong></span> <span class='ocrx_word' id='word_1_224' title='bbox 873 2437 956 2488; x_wconf 89' lang='lat' dir='ltr'><strong>cena,</strong></span> <span class='ocrx_word' id='word_1_225' title='bbox 978 2435 1053 2497; x_wconf 89' lang='lat' dir='ltr'><strong>qnae</strong></span> <span class='ocrx_word' id='word_1_226' title='bbox 1075 2435 1135 2478; x_wconf 87' lang='lat' dir='ltr'><strong>uua</strong></span> <span class='ocrx_word' id='word_1_227' title='bbox 1156 2437 1220 2478; x_wconf 92' lang='lat' dir='ltr'><strong>cum</strong></span> <span class='ocrx_word' id='word_1_228' title='bbox 1242 2417 1294 2475; x_wconf 89' lang='lat' dir='ltr'><strong>illa</strong></span> <span class='ocrx_word' id='word_1_229' title='bbox 1314 2415 1558 2474; x_wconf 88' lang='lat' dir='ltr'><strong>commemoratur</strong></span> 
     </span>
     <span class='ocr_line' id='line_1_23' title="bbox 195 2507 818 2584; baseline 0 -16"><span class='ocrx_word' id='word_1_230' title='bbox 195 2510 225 2568; x_wconf 94' lang='lat' dir='ltr'><strong>iu</strong></span> <span class='ocrx_word' id='word_1_231' title='bbox 246 2509 322 2568; x_wconf 89' lang='lat' dir='ltr'><strong>aetia</strong></span> <span class='ocrx_word' id='word_1_232' title='bbox 344 2525 370 2568; x_wconf 90' lang='lat' dir='ltr'><strong>a.</strong></span> <span class='ocrx_word' id='word_1_233' title='bbox 391 2511 439 2582; x_wconf 85' lang='lat'><strong>43,</strong></span> <span class='ocrx_word' id='word_1_234' title='bbox 460 2508 490 2566; x_wconf 92' lang='lat' dir='ltr'><strong>in</strong></span> <span class='ocrx_word' id='word_1_235' title='bbox 513 2507 619 2584; x_wconf 91' lang='lat' dir='ltr'><strong>quibus</strong></span> <span class='ocrx_word' id='word_1_236' title='bbox 641 2517 710 2569; x_wconf 90' lang='lat' dir='ltr'><strong>suut</strong></span> <span class='ocrx_word' id='word_1_237' title='bbox 730 2509 818 2570; x_wconf 89' lang='lat' dir='ltr'><strong>haec:</strong></span> 
     </span>
    </p>
   </div>
   <div class='ocr_carea' id='block_1_6' title="bbox 549 2657 1556 2952">
    <p class='ocr_par' dir='ltr' id='par_1_6' title="bbox 549 2657 1556 2952">
     <span class='ocr_line' id='line_1_24' title="bbox 549 2657 1482 2746; baseline 0.006 -27"><span class='ocrx_word' id='word_1_238' title='bbox 549 2701 943 2721; x_wconf 91' lang='grc'><strong>.............</strong></span> <span class='ocrx_word' id='word_1_239' title='bbox 969 2657 1482 2746; x_wconf 71' lang='lat' dir='ltr'><strong>etcolllegam.........</strong></span> 
     </span>
     <span class='ocr_line' id='line_1_25' title="bbox 550 2757 1556 2848; baseline 0.006 -28"><span class='ocrx_word' id='word_1_240' title='bbox 550 2803 813 2824; x_wconf 90' lang='grc'><strong>.........</strong></span> <span class='ocrx_word' id='word_1_241' title='bbox 838 2766 912 2844; x_wconf 90' lang='lat' dir='ltr'><strong>post</strong></span> <span class='ocrx_word' id='word_1_242' title='bbox 934 2757 1194 2848; x_wconf 73' lang='lat' dir='ltr'><strong>oinoptati[onem</strong></span> <span class='ocrx_word' id='word_1_243' title='bbox 1222 2760 1267 2844; x_wconf 76' lang='lat' dir='ltr'><strong>ti)</strong></span> <span class='ocrx_word' id='word_1_244' title='bbox 1290 2808 1298 2824; x_wconf 89' lang='lat'><strong>.</strong></span> <span class='ocrx_word' id='word_1_245' title='bbox 1323 2809 1330 2824; x_wconf 89' lang='lat'><strong>.</strong></span> <span class='ocrx_word' id='word_1_246' title='bbox 1355 2809 1362 2823; x_wconf 90' lang='lat'><strong>.</strong></span> <span class='ocrx_word' id='word_1_247' title='bbox 1388 2809 1395 2825; x_wconf 91' lang='lat'><strong>.</strong></span> <span class='ocrx_word' id='word_1_248' title='bbox 1421 2811 1427 2825; x_wconf 95' lang='lat'><em>.</em></span> <span class='ocrx_word' id='word_1_249' title='bbox 1453 2809 1460 2826; x_wconf 89' lang='lat'><strong>.</strong></span> <span class='ocrx_word' id='word_1_250' title='bbox 1485 2809 1491 2824; x_wconf 93' lang='lat'><strong>.</strong></span> <span class='ocrx_word' id='word_1_251' title='bbox 1516 2807 1523 2826; x_wconf 88' lang='lat'><strong>.</strong></span> <span class='ocrx_word' id='word_1_252' title='bbox 1548 2807 1556 2826; x_wconf 90' lang='lat'><strong><em>.</em></strong></span> 
     </span>
     <span class='ocr_line' id='line_1_26' title="bbox 549 2862 1423 2952; baseline 0.005 -30"><span class='ocrx_word' id='word_1_253' title='bbox 549 2906 844 2928; x_wconf 91' lang='grc'><strong>..........</strong></span> <span class='ocrx_word' id='word_1_254' title='bbox 869 2883 920 2927; x_wconf 90' lang='lat' dir='ltr'><strong>res</strong></span> <span class='ocrx_word' id='word_1_255' title='bbox 942 2871 974 2928; x_wconf 89' lang='lat' dir='ltr'><strong>et</strong></span> <span class='ocrx_word' id='word_1_256' title='bbox 996 2862 1263 2952; x_wconf 69' lang='lat' dir='ltr'><strong>aenaperuntp)</strong></span> <span class='ocrx_word' id='word_1_257' title='bbox 1287 2913 1294 2928; x_wconf 90' lang='lat'><strong>.</strong></span> <span class='ocrx_word' id='word_1_258' title='bbox 1319 2913 1326 2927; x_wconf 92' lang='lat'><strong>.</strong></span> <span class='ocrx_word' id='word_1_259' title='bbox 1352 2913 1358 2928; x_wconf 93' lang='lat'>.</span> <span class='ocrx_word' id='word_1_260' title='bbox 1383 2913 1390 2927; x_wconf 92' lang='lat'><strong>.</strong></span> <span class='ocrx_word' id='word_1_261' title='bbox 1416 2913 1423 2926; x_wconf 94' lang='lat'><strong>.</strong></span> 
     </span>
    </p>
   </div>
   <div class='ocr_carea' id='block_1_7' title="bbox 190 3013 1558 4975">
    <p class='ocr_par' dir='ltr' id='par_1_7' title="bbox 190 3013 1558 4975">
     <span class='ocr_line' id='line_1_27' title="bbox 273 3013 1557 3095; baseline 0.005 -23"><span class='ocrx_word' id='word_1_262' title='bbox 273 3013 415 3090; x_wconf 78' lang='lat' dir='ltr'><strong>Litterae,</strong></span> <span class='ocrx_word' id='word_1_263' title='bbox 438 3015 543 3093; x_wconf 89' lang='lat' dir='ltr'><strong>quibus</strong></span> <span class='ocrx_word' id='word_1_264' title='bbox 574 3017 768 3093; x_wconf 89' lang='lat' dir='ltr'><strong>imperatores</strong></span> <span class='ocrx_word' id='word_1_265' title='bbox 799 3037 904 3078; x_wconf 89' lang='lat' dir='ltr'><strong>norum</strong></span> <span class='ocrx_word' id='word_1_266' title='bbox 938 3020 1082 3093; x_wconf 80' lang='lat' dir='ltr'><strong>collegam</strong></span> <span class='ocrx_word' id='word_1_267' title='bbox 1113 3019 1370 3092; x_wconf 85' lang='lat' dir='ltr'><strong>commendabant,</strong></span> <span class='ocrx_word' id='word_1_268' title='bbox 1391 3019 1478 3078; x_wconf 89' lang='lat' dir='ltr'><strong>analo</strong></span> <span class='ocrx_word' id='word_1_269' title='bbox 1499 3021 1557 3095; x_wconf 88' lang='lat' dir='ltr'><strong>sig·</strong></span> 
     </span>
     <span class='ocr_line' id='line_1_28' title="bbox 195 3109 1557 3191; baseline 0.003 -25"><span class='ocrx_word' id='word_1_270' title='bbox 195 3116 282 3167; x_wconf 89' lang='lat' dir='ltr'><strong>natae</strong></span> <span class='ocrx_word' id='word_1_271' title='bbox 305 3117 390 3168; x_wconf 88' lang='lat' dir='ltr'><strong>erant</strong></span> <span class='ocrx_word' id='word_1_272' title='bbox 411 3109 504 3186; x_wconf 89' lang='lat' dir='ltr'><strong>ipsius</strong></span> <span class='ocrx_word' id='word_1_273' title='bbox 525 3111 678 3188; x_wconf 89' lang='lat' dir='ltr'><strong>principis.</strong></span> <span class='ocrx_word' id='word_1_274' title='bbox 720 3113 766 3170; x_wconf 92' lang='lat' dir='ltr'><strong>De</strong></span> <span class='ocrx_word' id='word_1_275' title='bbox 787 3113 882 3171; x_wconf 90' lang='lat' dir='ltr'><strong>anulis</strong></span> <span class='ocrx_word' id='word_1_276' title='bbox 902 3123 1000 3172; x_wconf 86' lang='lat' dir='ltr'><strong>autem</strong></span> <span class='ocrx_word' id='word_1_277' title='bbox 1022 3114 1231 3190; x_wconf 89' lang='lat' dir='ltr'><strong>imperatorum</strong></span> <span class='ocrx_word' id='word_1_278' title='bbox 1258 3115 1368 3173; x_wconf 89' lang='lat' dir='ltr'><strong>tradita</strong></span> <span class='ocrx_word' id='word_1_279' title='bbox 1389 3115 1557 3191; x_wconf 89' lang='lat' dir='ltr'><strong>accepimus</strong></span> 
     </span>
     <span class='ocr_line' id='line_1_29' title="bbox 195 3203 1553 3286; baseline 0.004 -26"><span class='ocrx_word' id='word_1_280' title='bbox 195 3203 276 3261; x_wconf 89' lang='lat' dir='ltr'><strong>bace.</strong></span> <span class='ocrx_word' id='word_1_281' title='bbox 303 3203 415 3262; x_wconf 88' lang='lat' dir='ltr'><strong>Narrat</strong></span> <span class='ocrx_word' id='word_1_282' title='bbox 437 3203 551 3262; x_wconf 87' lang='lat' dir='ltr'><strong>Plinius</strong></span> <span class='ocrx_word' id='word_1_283' title='bbox 573 3205 611 3280; x_wconf 88' lang='lat' dir='ltr'><strong>(a.</strong></span> <span class='ocrx_word' id='word_1_284' title='bbox 633 3209 657 3266; x_wconf 88' lang='grc'><strong>1.</strong></span> <span class='ocrx_word' id='word_1_285' title='bbox 680 3203 726 3280; x_wconf 79' lang='grc'><strong>31,</strong></span> <span class='ocrx_word' id='word_1_286' title='bbox 751 3204 815 3281; x_wconf 82' lang='grc'><strong>10);</strong></span> <span class='ocrx_word' id='word_1_287' title='bbox 844 3209 922 3264; x_wconf 84' lang='lat' dir='ltr'><strong>diens</strong></span> <span class='ocrx_word' id='word_1_288' title='bbox 942 3207 1082 3282; x_wconf 69' lang='lat' dir='ltr'><strong>depuratus</strong></span> <span class='ocrx_word' id='word_1_289' title='bbox 1106 3212 1175 3265; x_wconf 88' lang='lat' dir='ltr'><strong>inter</strong></span> <span class='ocrx_word' id='word_1_290' title='bbox 1198 3213 1277 3266; x_wconf 85' lang='lat' dir='ltr'><strong>initia</strong></span> <span class='ocrx_word' id='word_1_291' title='bbox 1297 3211 1409 3286; x_wconf 78' lang='lat' dir='ltr'><strong>spbiape</strong></span> <span class='ocrx_word' id='word_1_292' title='bbox 1428 3212 1553 3284; x_wconf 79' lang='lat' dir='ltr'><strong>sipnaeit.</strong></span> 
     </span>
     <span class='ocr_line' id='line_1_30' title="bbox 195 3299 1558 3378; baseline 0.003 -24"><span class='ocrx_word' id='word_1_293' title='bbox 195 3299 266 3354; x_wconf 83' lang='lat' dir='ltr'><strong>duas</strong></span> <span class='ocrx_word' id='word_1_294' title='bbox 285 3301 314 3354; x_wconf 87' lang='lat' dir='ltr'><strong>in</strong></span> <span class='ocrx_word' id='word_1_295' title='bbox 334 3301 432 3354; x_wconf 84' lang='lat' dir='ltr'><strong>matris</strong></span> <span class='ocrx_word' id='word_1_296' title='bbox 451 3299 542 3354; x_wconf 87' lang='lat' dir='ltr'><strong>anulis</strong></span> <span class='ocrx_word' id='word_1_297' title='bbox 564 3321 610 3358; x_wconf 84' lang='lat' dir='ltr'><strong>eas</strong></span> <span class='ocrx_word' id='word_1_298' title='bbox 632 3303 793 3358; x_wconf 85' lang='lat' dir='ltr'><strong>indiscretae</strong></span> <span class='ocrx_word' id='word_1_299' title='bbox 812 3301 996 3359; x_wconf 70' lang='lat' dir='ltr'><strong>nnrilitudinis</strong></span> <span class='ocrx_word' id='word_1_300' title='bbox 1016 3306 1169 3358; x_wconf 77' lang='lat' dir='ltr'><strong>invenerat:</strong></span> <span class='ocrx_word' id='word_1_301' title='bbox 1194 3305 1283 3359; x_wconf 87' lang='lat' dir='ltr'><strong>altera</strong></span> <span class='ocrx_word' id='word_1_302' title='bbox 1297 3321 1352 3378; x_wconf 91' lang='lat' dir='ltr'><strong>per</strong></span> <span class='ocrx_word' id='word_1_303' title='bbox 1372 3303 1442 3358; x_wconf 84' lang='lat' dir='ltr'><strong>belia</strong></span> <span class='ocrx_word' id='word_1_304' title='bbox 1466 3303 1558 3360; x_wconf 78' lang='lat' dir='ltr'><strong>sieilia</strong></span> 
     </span>
     <span class='ocr_line' id='line_1_31' title="bbox 194 3391 1558 3472; baseline 0.004 -24"><span class='ocrx_word' id='word_1_305' title='bbox 194 3391 302 3448; x_wconf 82' lang='lat' dir='ltr'><strong>absente</strong></span> <span class='ocrx_word' id='word_1_306' title='bbox 323 3395 383 3466; x_wconf 88' lang='lat' dir='ltr'><strong>ipso</strong></span> <span class='ocrx_word' id='word_1_307' title='bbox 404 3394 487 3448; x_wconf 86' lang='lat' dir='ltr'><strong>amici</strong></span> <span class='ocrx_word' id='word_1_308' title='bbox 506 3395 647 3468; x_wconf 68' lang='lat' dir='ltr'><strong>signavere</strong></span> <span class='ocrx_word' id='word_1_309' title='bbox 667 3393 797 3468; x_wconf 84' lang='lat' dir='ltr'><strong>epistulas</strong></span> <span class='ocrx_word' id='word_1_310' title='bbox 817 3407 842 3452; x_wconf 91' lang='lat' dir='ltr'><strong>et</strong></span> <span class='ocrx_word' id='word_1_311' title='bbox 862 3397 960 3466; x_wconf 84' lang='lat' dir='ltr'><strong>edicta,</strong></span> <span class='ocrx_word' id='word_1_312' title='bbox 986 3415 1055 3470; x_wconf 83' lang='lat' dir='ltr'><strong>quae</strong></span> <span class='ocrx_word' id='word_1_313' title='bbox 1083 3401 1155 3452; x_wconf 87' lang='lat' dir='ltr'><strong>ratio</strong></span> <span class='ocrx_word' id='word_1_314' title='bbox 1187 3406 1337 3472; x_wconf 83' lang='lat' dir='ltr'><strong>temporam</strong></span> <span class='ocrx_word' id='word_1_315' title='bbox 1366 3400 1473 3452; x_wconf 79' lang='lat' dir='ltr'><strong>nornine</strong></span> <span class='ocrx_word' id='word_1_316' title='bbox 1502 3402 1558 3454; x_wconf 83' lang='lat' dir='ltr'><strong>eires</strong></span> 
     </span>
     <span class='ocr_line' id='line_1_32' title="bbox 194 3485 1557 3565; baseline 0.005 -26"><span class='ocrx_word' id='word_1_317' title='bbox 194 3485 274 3540; x_wconf 86' lang='lat' dir='ltr'><strong>reddi</strong></span> <span class='ocrx_word' id='word_1_318' title='bbox 291 3485 459 3559; x_wconf 85' lang='lat' dir='ltr'><strong>postulabat,</strong></span> <span class='ocrx_word' id='word_1_319' title='bbox 478 3505 533 3543; x_wconf 86' lang='lat' dir='ltr'><strong>aon</strong></span> <span class='ocrx_word' id='word_1_320' title='bbox 556 3488 674 3560; x_wconf 74' lang='lat' dir='ltr'><strong>infaceto</strong></span> <span class='ocrx_word' id='word_1_321' title='bbox 705 3489 797 3562; x_wconf 89' lang='lat' dir='ltr'><strong>lepore</strong></span> <span class='ocrx_word' id='word_1_322' title='bbox 822 3492 1020 3564; x_wconf 85' lang='lat' dir='ltr'><strong>accipientium,</strong></span> <span class='ocrx_word' id='word_1_323' title='bbox 1050 3495 1207 3565; x_wconf 79' lang='lat' dir='ltr'><strong>aerripmata</strong></span> <span class='ocrx_word' id='word_1_324' title='bbox 1237 3492 1349 3564; x_wconf 84' lang='lat' dir='ltr'><strong>adferre</strong></span> <span class='ocrx_word' id='word_1_325' title='bbox 1377 3509 1437 3546; x_wconf 83' lang='lat' dir='ltr'><strong>eam</strong></span> <span class='ocrx_word' id='word_1_326' title='bbox 1466 3490 1557 3564; x_wconf 86' lang='lat' dir='ltr'><strong>spbin·</strong></span> 
     </span>
     <span class='ocr_line' id='line_1_33' title="bbox 192 3581 1558 3659; baseline 0.005 -25"><span class='ocrx_word' id='word_1_327' title='bbox 192 3597 261 3654; x_wconf 81' lang='lat' dir='ltr'><strong>pern.</strong></span> <span class='ocrx_word' id='word_1_328' title='bbox 296 3582 397 3654; x_wconf 80' lang='lat' dir='ltr'><strong>quippe</strong></span> <span class='ocrx_word' id='word_1_329' title='bbox 422 3585 503 3636; x_wconf 88' lang='lat' dir='ltr'><strong>etiarn</strong></span> <span class='ocrx_word' id='word_1_330' title='bbox 529 3581 699 3640; x_wconf 83' lang='lat' dir='ltr'><strong>Maecenatis</strong></span> <span class='ocrx_word' id='word_1_331' title='bbox 719 3601 792 3639; x_wconf 87' lang='lat' dir='ltr'><strong>rana</strong></span> <span class='ocrx_word' id='word_1_332' title='bbox 807 3603 861 3658; x_wconf 84' lang='lat' dir='ltr'><strong>per</strong></span> <span class='ocrx_word' id='word_1_333' title='bbox 881 3583 1049 3640; x_wconf 84' lang='lat' dir='ltr'><strong>conlationes</strong></span> <span class='ocrx_word' id='word_1_334' title='bbox 1068 3587 1249 3659; x_wconf 83' lang='lat' dir='ltr'><strong>pecuniarum</strong></span> <span class='ocrx_word' id='word_1_335' title='bbox 1279 3587 1307 3640; x_wconf 86' lang='lat' dir='ltr'><strong>in</strong></span> <span class='ocrx_word' id='word_1_336' title='bbox 1336 3603 1435 3659; x_wconf 81' lang='lat' dir='ltr'><strong>mapno</strong></span> <span class='ocrx_word' id='word_1_337' title='bbox 1457 3594 1558 3642; x_wconf 85' lang='lat' dir='ltr'><strong>terrore</strong></span> 
     </span>
     <span class='ocr_line' id='line_1_34' title="bbox 194 3675 1557 3754; baseline 0.004 -24"><span class='ocrx_word' id='word_1_338' title='bbox 194 3683 262 3730; x_wconf 81' lang='lat' dir='ltr'><strong>erat</strong></span> <span class='ocrx_word' id='word_1_339' title='bbox 305 3675 441 3748; x_wconf 71' lang='lat' dir='ltr'><strong>depicatus</strong></span> <span class='ocrx_word' id='word_1_340' title='bbox 468 3683 566 3748; x_wconf 80' lang='lat' dir='ltr'><strong>postea</strong></span> <span class='ocrx_word' id='word_1_341' title='bbox 596 3677 636 3732; x_wconf 89' lang='lat' dir='ltr'><strong>ad</strong></span> <span class='ocrx_word' id='word_1_342' title='bbox 665 3678 793 3732; x_wconf 86' lang='lat' dir='ltr'><strong>esitando</strong></span> <span class='ocrx_word' id='word_1_343' title='bbox 825 3681 950 3734; x_wconf 78' lang='lat' dir='ltr'><strong>eoricieia</strong></span> <span class='ocrx_word' id='word_1_344' title='bbox 980 3679 1102 3753; x_wconf 80' lang='lat' dir='ltr'><strong>spirinpis</strong></span> <span class='ocrx_word' id='word_1_345' title='bbox 1127 3678 1283 3735; x_wconf 76' lang='lat' dir='ltr'><strong>Aterandri</strong></span> <span class='ocrx_word' id='word_1_346' title='bbox 1312 3679 1413 3753; x_wconf 59' lang='lat' dir='ltr'><strong>allapsi</strong></span> <span class='ocrx_word' id='word_1_347' title='bbox 1440 3681 1557 3754; x_wconf 75' lang='lat' dir='ltr'><strong>irnapine</strong></span> 
     </span>
     <span class='ocr_line' id='line_1_35' title="bbox 193 3765 1555 3848; baseline 0.004 -26"><span class='ocrx_word' id='word_1_348' title='bbox 193 3770 319 3842; x_wconf 77' lang='lat' dir='ltr'><strong>sipnaeit.</strong></span> <span class='ocrx_word' id='word_1_349' title='bbox 363 3765 583 3826; x_wconf 91' lang='lat' dir='ltr'><strong>Posterioribns</strong></span> <span class='ocrx_word' id='word_1_350' title='bbox 606 3775 703 3825; x_wconf 87' lang='lat' dir='ltr'><strong>tamen</strong></span> <span class='ocrx_word' id='word_1_351' title='bbox 725 3771 906 3845; x_wconf 87' lang='lat' dir='ltr'><strong>temporibus</strong></span> <span class='ocrx_word' id='word_1_352' title='bbox 929 3771 1043 3828; x_wconf 89' lang='lat' dir='ltr'><strong>Caesar</strong></span> <span class='ocrx_word' id='word_1_353' title='bbox 1064 3775 1219 3846; x_wconf 86' lang='lat' dir='ltr'><strong>Augustus</strong></span> <span class='ocrx_word' id='word_1_354' title='bbox 1252 3771 1380 3844; x_wconf 86' lang='lat' dir='ltr'><strong>imagine</strong></span> <span class='ocrx_word' id='word_1_355' title='bbox 1411 3790 1464 3828; x_wconf 82' lang='lat' dir='ltr'><strong>sun</strong></span> <span class='ocrx_word' id='word_1_356' title='bbox 1496 3773 1555 3848; x_wconf 85' lang='lat' dir='ltr'><strong>sig·</strong></span> 
     </span>
     <span class='ocr_line' id='line_1_36' title="bbox 194 3861 1556 3941; baseline 0.004 -24"><span class='ocrx_word' id='word_1_357' title='bbox 194 3877 263 3918; x_wconf 89' lang='lat' dir='ltr'><strong>nare</strong></span> <span class='ocrx_word' id='word_1_358' title='bbox 284 3869 494 3918; x_wconf 87' lang='lat' dir='ltr'><strong>consueverat:</strong></span> <span class='ocrx_word' id='word_1_359' title='bbox 524 3861 1097 3940; x_wconf 70' lang='grc' dir='ltr'><strong>111111οοί11811111111(Α19.50)ε</strong></span> <span class='ocrx_word' id='word_1_360' title='bbox 1127 3870 1156 3922; x_wconf 84' lang='lat' dir='ltr'><strong>in</strong></span> <span class='ocrx_word' id='word_1_361' title='bbox 1187 3866 1383 3941; x_wconf 71' lang='lat' dir='ltr'><strong>diplomatibus</strong></span> <span class='ocrx_word' id='word_1_362' title='bbox 1408 3867 1556 3940; x_wconf 76' lang='lat' dir='ltr'><strong>libellisque</strong></span> 
     </span>
     <span class='ocr_line' id='line_1_37' title="bbox 194 3955 1555 4034; baseline 0.004 -22"><span class='ocrx_word' id='word_1_363' title='bbox 194 3963 220 4012; x_wconf 87' lang='lat' dir='ltr'><strong>et</strong></span> <span class='ocrx_word' id='word_1_364' title='bbox 239 3955 359 4028; x_wconf 81' lang='lat' dir='ltr'><strong>epistulis</strong></span> <span class='ocrx_word' id='word_1_365' title='bbox 378 3957 520 4030; x_wconf 69' lang='lat' dir='ltr'><strong>signandis</strong></span> <span class='ocrx_word' id='word_1_366' title='bbox 539 3958 616 4014; x_wconf 87' lang='lat' dir='ltr'><strong>initio</strong></span> <span class='ocrx_word' id='word_1_367' title='bbox 637 3959 748 4034; x_wconf 78' lang='lat' dir='ltr'><strong>spbinpe</strong></span> <span class='ocrx_word' id='word_1_368' title='bbox 768 3975 830 4014; x_wconf 82' lang='lat' dir='ltr'><strong>nares</strong></span> <span class='ocrx_word' id='word_1_369' title='bbox 851 3968 897 4026; x_wconf 85' lang='lat' dir='ltr'><strong>est,</strong></span> <span class='ocrx_word' id='word_1_370' title='bbox 924 3977 986 4015; x_wconf 81' lang='lat' dir='ltr'><strong>rnna·</strong></span> <span class='ocrx_word' id='word_1_371' title='bbox 1016 3963 1133 4034; x_wconf 76' lang='lat' dir='ltr'><strong>imagine</strong></span> <span class='ocrx_word' id='word_1_372' title='bbox 1152 3961 1254 4034; x_wconf 85' lang='lat' dir='ltr'><strong>Mapni</strong></span> <span class='ocrx_word' id='word_1_373' title='bbox 1275 3959 1437 4032; x_wconf 67' lang='lat' dir='ltr'><strong>Alexandri,</strong></span> <span class='ocrx_word' id='word_1_374' title='bbox 1466 3964 1555 4017; x_wconf 78' lang='lat' dir='ltr'><strong>aoeie-</strong></span> 
     </span>
     <span class='ocr_line' id='line_1_38' title="bbox 192 4049 1555 4128; baseline 0.004 -22"><span class='ocrx_word' id='word_1_375' title='bbox 192 4053 257 4106; x_wconf 86' lang='lat' dir='ltr'><strong>sime</strong></span> <span class='ocrx_word' id='word_1_376' title='bbox 276 4067 343 4120; x_wconf 82' lang='lat' dir='ltr'><strong>aaa,</strong></span> <span class='ocrx_word' id='word_1_377' title='bbox 372 4049 541 4106; x_wconf 81' lang='lat' dir='ltr'><strong>Dioscuridis</strong></span> <span class='ocrx_word' id='word_1_378' title='bbox 562 4069 645 4107; x_wconf 85' lang='lat' dir='ltr'><strong>mana</strong></span> <span class='ocrx_word' id='word_1_379' title='bbox 665 4053 787 4126; x_wconf 83' lang='lat' dir='ltr'><strong>scalpta,</strong></span> <span class='ocrx_word' id='word_1_380' title='bbox 813 4071 868 4128; x_wconf 82' lang='lat' dir='ltr'><strong>qna</strong></span> <span class='ocrx_word' id='word_1_381' title='bbox 891 4056 1001 4128; x_wconf 80' lang='lat' dir='ltr'><strong>aipnare</strong></span> <span class='ocrx_word' id='word_1_382' title='bbox 1019 4055 1133 4109; x_wconf 86' lang='lat' dir='ltr'><strong>insecuti</strong></span> <span class='ocrx_word' id='word_1_383' title='bbox 1153 4071 1259 4128; x_wconf 79' lang='lat' dir='ltr'><strong>qaoque</strong></span> <span class='ocrx_word' id='word_1_384' title='bbox 1274 4055 1416 4128; x_wconf 84' lang='lat' dir='ltr'><strong>principes</strong></span> <span class='ocrx_word' id='word_1_385' title='bbox 1431 4072 1555 4128; x_wconf 80' lang='lat' dir='ltr'><strong>peraeae·</strong></span> 
     </span>
     <span class='ocr_line' id='line_1_39' title="bbox 192 4129 1554 4224; baseline 0.003 -24"><span class='ocrx_word' id='word_1_386' title='bbox 192 4151 272 4214; x_wconf 79' lang='lat' dir='ltr'><strong>rant3</strong></span> <span class='ocrx_word' id='word_1_387' title='bbox 292 4143 360 4201; x_wconf 87' lang='lat' dir='ltr'><strong>item</strong></span> <span class='ocrx_word' id='word_1_388' title='bbox 383 4140 440 4199; x_wconf 87' lang='lat' dir='ltr'><strong>Dio</strong></span> <span class='ocrx_word' id='word_1_389' title='bbox 461 4139 575 4217; x_wconf 81' lang='lat'><strong>(51,3):</strong></span> <span class='ocrx_word' id='word_1_390' title='bbox 597 4141 708 4218; x_wconf 74' lang='grc' dir='ltr'><strong>διπλῆν</strong></span> <span class='ocrx_word' id='word_1_391' title='bbox 728 4142 786 4219; x_wconf 74' lang='grc' dir='ltr'><strong>γὰρ</strong></span> <span class='ocrx_word' id='word_1_392' title='bbox 809 4142 846 4220; x_wconf 68' lang='lat' dir='ltr'><strong>dn*</strong></span> <span class='ocrx_word' id='word_1_393' title='bbox 870 4145 1040 4220; x_wconf 67' lang='grc' dir='ltr'><strong>σφραγῖδα,</strong></span> <span class='ocrx_word' id='word_1_394' title='bbox 1062 4129 1081 4224; x_wconf 76' lang='grc' dir='ltr'><em>ᾗ</em></span> <span class='ocrx_word' id='word_1_395' title='bbox 1101 4139 1237 4218; x_wconf 72' lang='grc' dir='ltr'><strong>μάλιστα</strong></span> <span class='ocrx_word' id='word_1_396' title='bbox 1261 4142 1327 4202; x_wconf 75' lang='grc' dir='ltr'><strong>τότε</strong></span> <span class='ocrx_word' id='word_1_397' title='bbox 1348 4145 1468 4221; x_wconf 71' lang='grc' dir='ltr'><strong>ἐχρῆτο,</strong></span> <span class='ocrx_word' id='word_1_398' title='bbox 1490 4145 1554 4205; x_wconf 82' lang='lat' dir='ltr'><strong>irre·</strong></span> 
     </span>
     <span class='ocr_line' id='line_1_40' title="bbox 192 4229 1555 4315; baseline 0.002 -21"><span class='ocrx_word' id='word_1_399' title='bbox 192 4234 310 4310; x_wconf 74' lang='grc' dir='ltr'><strong>ποίητο,</strong></span> <span class='ocrx_word' id='word_1_400' title='bbox 326 4233 447 4312; x_wconf 73' lang='grc' dir='ltr'><strong><em>Σφίγγα</em></strong></span> <span class='ocrx_word' id='word_1_401' title='bbox 459 4233 490 4294; x_wconf 81' lang='grc' dir='ltr'><strong>ἐν</strong></span> <span class='ocrx_word' id='word_1_402' title='bbox 501 4232 634 4315; x_wconf 75' lang='lat' dir='ltr'><strong>isteriprp</strong></span> <span class='ocrx_word' id='word_1_403' title='bbox 646 4229 757 4308; x_wconf 74' lang='grc' dir='ltr'><em>ὁμοίαν</em></span> <span class='ocrx_word' id='word_1_404' title='bbox 771 4232 960 4304; x_wconf 67' lang='lat' dir='ltr'><strong>intensione.</strong></span> <span class='ocrx_word' id='word_1_405' title='bbox 976 4229 1105 4310; x_wconf 66' lang='lat' dir='ltr'><strong>iiarepav</strong></span> <span class='ocrx_word' id='word_1_406' title='bbox 1121 4236 1181 4314; x_wconf 79' lang='lat' dir='ltr'><strong>peip</strong></span> <span class='ocrx_word' id='word_1_407' title='bbox 1196 4236 1251 4315; x_wconf 66' lang='grc' dir='ltr'><strong>τὴν</strong></span> <span class='ocrx_word' id='word_1_408' title='bbox 1264 4231 1363 4296; x_wconf 75' lang='lat' dir='ltr'><strong>eisbva</strong></span> <span class='ocrx_word' id='word_1_409' title='bbox 1376 4236 1432 4315; x_wconf 76' lang='grc' dir='ltr'><strong>τὴν</strong></span> <span class='ocrx_word' id='word_1_410' title='bbox 1444 4235 1555 4298; x_wconf 76' lang='lat' dir='ltr'><strong>iassab</strong></span> 
     </span>
     <span class='ocr_line' id='line_1_41' title="bbox 193 4323 1557 4410; baseline 0.001 -23"><span class='ocrx_word' id='word_1_411' title='bbox 193 4327 349 4406; x_wconf 72' lang='grc' dir='ltr'><strong>ἰγγλύψος</strong></span> <span class='ocrx_word' id='word_1_412' title='bbox 360 4325 456 4407; x_wconf 73' lang='lat' dir='ltr'><strong>iser&#39;ep</strong></span> <span class='ocrx_word' id='word_1_413' title='bbox 468 4324 504 4385; x_wconf 81' lang='lat' dir='ltr'><strong>rei</strong></span> <span class='ocrx_word' id='word_1_414' title='bbox 523 4323 623 4385; x_wconf 76' lang='grc' dir='ltr'><em>πάντα</em></span> <span class='ocrx_word' id='word_1_415' title='bbox 637 4326 827 4402; x_wconf 63' lang='lat' dir='ltr'><strong>inpositura.</strong></span> <span class='ocrx_word' id='word_1_416' title='bbox 844 4331 894 4388; x_wconf 79' lang='lat' dir='ltr'><strong>sni</strong></span> <span class='ocrx_word' id='word_1_417' title='bbox 907 4325 986 4410; x_wconf 80' lang='grc' dir='ltr'><strong>1ιύιῇ</strong></span> <span class='ocrx_word' id='word_1_418' title='bbox 998 4329 1047 4387; x_wconf 82' lang='lat' dir='ltr'><strong>arei</strong></span> <span class='ocrx_word' id='word_1_419' title='bbox 1069 4327 1097 4389; x_wconf 86' lang='lat' dir='ltr'><strong>ui</strong></span> <span class='ocrx_word' id='word_1_420' title='bbox 1110 4329 1188 4406; x_wconf 73' lang='lat' dir='ltr'><strong>pretii</strong></span> <span class='ocrx_word' id='word_1_421' title='bbox 1211 4333 1309 4388; x_wconf 79' lang='grc' dir='ltr'><em>τοῦτο</em></span> <span class='ocrx_word' id='word_1_422' title='bbox 1331 4326 1557 4405; x_wconf 67' lang='grc' dir='ltr'><strong>αὐτοκράτορες</strong></span> 
     </span>
     <span class='ocr_line' id='line_1_42' title="bbox 190 4407 1554 4505; baseline 0.003 -27"><span class='ocrx_word' id='word_1_423' title='bbox 190 4418 270 4498; x_wconf 77' lang='grc' dir='ltr'><em>πλὴν</em></span> <span class='ocrx_word' id='word_1_424' title='bbox 285 4419 314 4478; x_wconf 89' lang='grc' dir='ltr'><strong><em>Γ</em></strong></span> <span class='ocrx_word' id='word_1_425' title='bbox 311 4419 411 4496; x_wconf 68' lang='lat' dir='ltr'><strong>dison</strong></span> <span class='ocrx_word' id='word_1_426' title='bbox 430 4419 609 4497; x_wconf 71' lang='grc' dir='ltr'><em>ἐχρήσαντο.</em></span> <span class='ocrx_word' id='word_1_427' title='bbox 637 4407 728 4491; x_wconf 77' lang='grc' dir='ltr'><em>οὗτος</em></span> <span class='ocrx_word' id='word_1_428' title='bbox 747 4420 807 4499; x_wconf 73' lang='grc' dir='ltr'><strong>γὰρ</strong></span> <span class='ocrx_word' id='word_1_429' title='bbox 828 4427 999 4504; x_wconf 74' lang='grc' dir='ltr'><em>προγονικῷ</em></span> <span class='ocrx_word' id='word_1_430' title='bbox 1021 4445 1077 4482; x_wconf 76' lang='grc' dir='ltr'><strong>τινι</strong></span> <span class='ocrx_word' id='word_1_431' title='bbox 1100 4425 1314 4502; x_wconf 72' lang='lat' dir='ltr'><strong>arppnyinpare</strong></span> <span class='ocrx_word' id='word_1_432' title='bbox 1335 4419 1411 4482; x_wconf 71' lang='lat' dir='ltr'><strong>saiva</strong></span> <span class='ocrx_word' id='word_1_433' title='bbox 1426 4423 1458 4484; x_wconf 75' lang='lat' dir='ltr'><strong>ix</strong></span> <span class='ocrx_word' id='word_1_434' title='bbox 1472 4419 1554 4505; x_wconf 72' lang='lat' dir='ltr'><strong>appi·</strong></span> 
     </span>
     <span class='ocr_line' id='line_1_43' title="bbox 193 4508 1554 4596; baseline 0.01 -32"><span class='ocrx_word' id='word_1_435' title='bbox 193 4533 251 4588; x_wconf 75' lang='grc' dir='ltr'><strong>ρης</strong></span> <span class='ocrx_word' id='word_1_436' title='bbox 271 4511 344 4583; x_wconf 68' lang='grc' dir='ltr'><em>νοὸς</em></span> <span class='ocrx_word' id='word_1_437' title='bbox 364 4508 581 4589; x_wconf 69' lang='grc' dir='ltr'><em>προκόπτοντα</em></span> <span class='ocrx_word' id='word_1_438' title='bbox 602 4512 699 4590; x_wconf 63' lang='grc' dir='ltr'><em>ἔχοντι</em></span> <span class='ocrx_word' id='word_1_439' title='bbox 721 4514 868 4589; x_wconf 69' lang='grc' dir='ltr'><strong><em>ἐνόμισεν.</em></strong></span> <span class='ocrx_word' id='word_1_440' title='bbox 912 4517 1014 4595; x_wconf 84' lang='lat' dir='ltr'><strong>Caput</strong></span> <span class='ocrx_word' id='word_1_441' title='bbox 1043 4521 1133 4594; x_wconf 89' lang='lat' dir='ltr'><strong>igitur</strong></span> <span class='ocrx_word' id='word_1_442' title='bbox 1155 4521 1300 4591; x_wconf 82' lang='lat' dir='ltr'><strong>Augusti,</strong></span> <span class='ocrx_word' id='word_1_443' title='bbox 1331 4537 1391 4596; x_wconf 91' lang='lat' dir='ltr'><strong>quo</strong></span> <span class='ocrx_word' id='word_1_444' title='bbox 1421 4521 1450 4578; x_wconf 90' lang='lat' dir='ltr'><strong>in</strong></span> <span class='ocrx_word' id='word_1_445' title='bbox 1481 4521 1554 4578; x_wconf 85' lang='lat' dir='ltr'><strong>actis</strong></span> 
     </span>
     <span class='ocr_line' id='line_1_44' title="bbox 193 4609 1554 4690; baseline 0.005 -25"><span class='ocrx_word' id='word_1_446' title='bbox 193 4609 348 4667; x_wconf 79' lang='lat' dir='ltr'><strong>Arvalium</strong></span> <span class='ocrx_word' id='word_1_447' title='bbox 369 4609 494 4684; x_wconf 90' lang='lat' dir='ltr'><strong>legimus</strong></span> <span class='ocrx_word' id='word_1_448' title='bbox 516 4609 652 4682; x_wconf 86' lang='lat' dir='ltr'><strong>signatas</strong></span> <span class='ocrx_word' id='word_1_449' title='bbox 674 4613 763 4670; x_wconf 89' lang='lat' dir='ltr'><strong>inisse</strong></span> <span class='ocrx_word' id='word_1_450' title='bbox 784 4612 993 4690; x_wconf 86' lang='lat' dir='ltr'><strong>imperatorum</strong></span> <span class='ocrx_word' id='word_1_451' title='bbox 1014 4613 1165 4690; x_wconf 87' lang='lat' dir='ltr'><strong>epistulas,</strong></span> <span class='ocrx_word' id='word_1_452' title='bbox 1195 4613 1351 4688; x_wconf 87' lang='lat' dir='ltr'><strong>imaginem</strong></span> <span class='ocrx_word' id='word_1_453' title='bbox 1374 4614 1464 4672; x_wconf 88' lang='lat' dir='ltr'><strong>luisse</strong></span> <span class='ocrx_word' id='word_1_454' title='bbox 1485 4631 1554 4674; x_wconf 89' lang='lat' dir='ltr'><strong>cuu-</strong></span> 
     </span>
     <span class='ocr_line' id='line_1_45' title="bbox 194 4702 1553 4781; baseline 0.006 -22"><span class='ocrx_word' id='word_1_455' title='bbox 194 4709 256 4762; x_wconf 86' lang='lat' dir='ltr'><strong>stat</strong></span> <span class='ocrx_word' id='word_1_456' title='bbox 275 4702 414 4764; x_wconf 85' lang='lat' dir='ltr'><strong>Caesaris</strong></span> <span class='ocrx_word' id='word_1_457' title='bbox 429 4703 569 4778; x_wconf 85' lang='lat' dir='ltr'><strong>Augusti,</strong></span> <span class='ocrx_word' id='word_1_458' title='bbox 590 4704 640 4779; x_wconf 90' lang='lat' dir='ltr'><strong>qui</strong></span> <span class='ocrx_word' id='word_1_459' title='bbox 660 4705 740 4781; x_wconf 91' lang='lat' dir='ltr'><strong>qnod</strong></span> <span class='ocrx_word' id='word_1_460' title='bbox 761 4703 845 4764; x_wconf 87' lang='lat' dir='ltr'><strong>dirus</strong></span> <span class='ocrx_word' id='word_1_461' title='bbox 861 4709 1016 4781; x_wconf 85' lang='lat' dir='ltr'><strong>Augustus</strong></span> <span class='ocrx_word' id='word_1_462' title='bbox 1037 4724 1096 4765; x_wconf 91' lang='lat' dir='ltr'><strong>non</strong></span> <span class='ocrx_word' id='word_1_463' title='bbox 1116 4706 1232 4780; x_wconf 88' lang='lat' dir='ltr'><strong>dieitur,</strong></span> <span class='ocrx_word' id='word_1_464' title='bbox 1253 4707 1283 4764; x_wconf 94' lang='lat' dir='ltr'><strong>id</strong></span> <span class='ocrx_word' id='word_1_465' title='bbox 1305 4707 1405 4765; x_wconf 90' lang='lat' dir='ltr'><strong>neseio</strong></span> <span class='ocrx_word' id='word_1_466' title='bbox 1426 4725 1463 4766; x_wconf 90' lang='lat' dir='ltr'><strong>an</strong></span> <span class='ocrx_word' id='word_1_467' title='bbox 1485 4709 1553 4767; x_wconf 93' lang='lat' dir='ltr'><strong>inde</strong></span> 
     </span>
     <span class='ocr_line' id='line_1_46' title="bbox 193 4797 1552 4880; baseline 0.004 -24"><span class='ocrx_word' id='word_1_468' title='bbox 193 4797 402 4874; x_wconf 83' lang='lat' dir='ltr'><strong>explicandum</strong></span> <span class='ocrx_word' id='word_1_469' title='bbox 425 4799 473 4870; x_wconf 87' lang='lat' dir='ltr'><strong>sit,</strong></span> <span class='ocrx_word' id='word_1_470' title='bbox 494 4797 573 4874; x_wconf 89' lang='lat' dir='ltr'><strong>quod</strong></span> <span class='ocrx_word' id='word_1_471' title='bbox 598 4798 713 4859; x_wconf 84' lang='lat' dir='ltr'><strong>Caesar</strong></span> <span class='ocrx_word' id='word_1_472' title='bbox 735 4799 817 4858; x_wconf 86' lang='lat' dir='ltr'><strong>rivus</strong></span> <span class='ocrx_word' id='word_1_473' title='bbox 839 4809 1079 4878; x_wconf 89' lang='lat' dir='ltr'><strong>repraesentatus</strong></span> <span class='ocrx_word' id='word_1_474' title='bbox 1111 4801 1205 4859; x_wconf 90' lang='lat' dir='ltr'><strong>luerit.</strong></span> <span class='ocrx_word' id='word_1_475' title='bbox 1246 4799 1334 4875; x_wconf 83' lang='lat' dir='ltr'><strong>Quod</strong></span> <span class='ocrx_word' id='word_1_476' title='bbox 1365 4809 1463 4862; x_wconf 88' lang='lat' dir='ltr'><strong>autern</strong></span> <span class='ocrx_word' id='word_1_477' title='bbox 1484 4820 1552 4880; x_wconf 88' lang='lat' dir='ltr'><strong>pos-</strong></span> 
     </span>
     <span class='ocr_line' id='line_1_47' title="bbox 193 4891 1554 4975; baseline 0.002 -21"><span class='ocrx_word' id='word_1_478' title='bbox 193 4892 315 4954; x_wconf 83' lang='lat' dir='ltr'><strong>teriores</strong></span> <span class='ocrx_word' id='word_1_479' title='bbox 337 4891 425 4950; x_wconf 91' lang='lat' dir='ltr'><strong>etiam</strong></span> <span class='ocrx_word' id='word_1_480' title='bbox 447 4891 596 4971; x_wconf 85' lang='lat' dir='ltr'><strong>principes</strong></span> <span class='ocrx_word' id='word_1_481' title='bbox 619 4895 718 4972; x_wconf 85' lang='lat' dir='ltr'><strong>capite</strong></span> <span class='ocrx_word' id='word_1_482' title='bbox 740 4895 869 4972; x_wconf 80' lang='lat' dir='ltr'><strong>Augusti</strong></span> <span class='ocrx_word' id='word_1_483' title='bbox 893 4897 1028 4975; x_wconf 84' lang='lat' dir='ltr'><strong>signasse</strong></span> <span class='ocrx_word' id='word_1_484' title='bbox 1052 4895 1197 4970; x_wconf 89' lang='lat' dir='ltr'><strong>dicuntur,</strong></span> <span class='ocrx_word' id='word_1_485' title='bbox 1229 4895 1258 4953; x_wconf 93' lang='lat' dir='ltr'><strong>id</strong></span> <span class='ocrx_word' id='word_1_486' title='bbox 1289 4895 1464 4956; x_wconf 87' lang='lat' dir='ltr'><strong>confirmant</strong></span> <span class='ocrx_word' id='word_1_487' title='bbox 1485 4901 1554 4957; x_wconf 87' lang='lat' dir='ltr'><strong>scta</strong></span> 
     </span>
    </p>
   </div>
   <div class='ocr_carea' id='block_1_8' title="bbox 0 0 1800 5598">
    <p class='ocr_par' dir='ltr' id='par_1_8' title="bbox 0 0 1800 5598">
     <span class='ocr_line' id='line_1_48' title="bbox 0 0 1800 5598; baseline 0 1"><span class='ocrx_word' id='word_1_488' title='bbox 0 0 1800 5598; x_wconf 95' lang='lat' dir='ltr'><strong> </strong></span> 
     </span>
    </p>
   </div>
  </div>
 </body>
</html>
