3644 5592
408 519 433 574 4.
469 515 632 572 indictionis
652 531 769 570 cermeu.

408 607 433 660 5.
470 604 575 658 dierum
595 602 729 656 definitio.

408 695 433 748 6.
470 694 643 763 praesentes.

346 865 378 920 B.
408 863 565 920 SAORUM
585 863 690 918 Duum
710 863 803 917 Didii
807 904 1232 920 .............
1267 904 1273 917 .

408 951 594 1023 Temporibus
618 949 819 1021 antiquissimis
844 965 953 1005 sacrum
973 969 1026 1006 non
1051 951 1223 1006 referebatur
1247 954 1275 1006 iu

408 1045 481 1104 acta,
501 1043 602 1108 posteo
620 1036 681 1090 dies
701 1037 882 1106 signabantur
900 1053 970 1092 unns
989 1038 1033 1092 vei
1051 1038 1115 1102 dno,
1133 1043 1276 1110 postremo

407 1131 466 1180 tres
468 1163 1233 1180 .......................
1272 1167 1278 1180 .

408 1231 432 1268 a.
461 1211 597 1268 sacrificii
617 1213 678 1266 dies
698 1213 809 1282 primus.
844 1251 1274 1268 .............

462 1303 486 1355 1.
523 1315 610 1354 nunus
630 1304 659 1352 et
677 1297 746 1354 dies.

461 1388 486 1442 2.
524 1385 612 1444 locus.
697 1453 708 1466 .

461 1476 487 1531 3.
522 1475 594 1530 ratio
613 1473 686 1528 seori
706 1475 926 1530 antemeridiani.

462 1563 486 1618 4.
524 1561 596 1616 ratio
616 1562 689 1616 sacri
709 1563 929 1633 postmeridiani.

522 1650 566 1704 De
585 1650 761 1704 caerimoniis
780 1648 835 1702 diei
856 1651 936 1722 primi
955 1652 1175 1707 commentarius.
1203 1683 1217 1690 -
1238 1653 1279 1706 De

524 1737 754 1809 sportulis-De
766 1737 1141 1810 sacerdotibnsimperntoris
1149 1739 1278 1808 Augusti.

461 1825 486 1880 5.
523 1831 697 1896 praesentes.

411 1996 437 2052 b.
465 1995 601 2052 Sacrificii
620 1996 682 2053 dies
700 1999 841 2054 secundus
844 2038 1239 2054 ............
1272 2041 1279 2055 .

464 2087 488 2140 1.
525 2101 613 2139 annus
632 2093 661 2139 et
681 2085 751 2141 dies.

463 2174 487 2228 2.
525 2171 611 2228 locus.

462 2261 487 2316 3.
524 2261 594 2314 ratio
614 2262 696 2316 sacri.

524 2347 567 2401 De
586 2348 676 2404 tribus
694 2353 767 2407 sacri
787 2353 914 2422 partibus
934 2351 1142 2425 principatibus.

497 2443 528 2488 α.
555 2437 721 2492 sacrificium
749 2457 894 2512 porcarum
918 2441 1098 2512 piacularium
1123 2443 1153 2494 et
1176 2453 1279 2492 vaccae

549 2523 712 2580 honoreriee
716 2565 1272 2584 .................

552 2613 594 2666 De
610 2613 769 2682 significatu
780 2616 926 2672 verborum
937 2618 995 2670 tero
1005 2617 1173 2684 coinquiendi
1182 2625 1206 2668 et
1220 2630 1278 2682 ope·

550 2701 819 2768 resarciendi-De
829 2704 955 2774 porciliis
973 2703 1111 2758 -Vaoca
1123 2703 1171 2757 ubi
1181 2703 1276 2756 immo·

550 2786 661 2842 iatasit.
673 2818 703 2829 -
715 2789 757 2842 De
769 2807 817 2844 ara
826 2795 855 2843 et
864 2791 957 2846 ioculo
967 2792 1097 2862 extisque
1107 2789 1234 2846 redditis.
1247 2818 1276 2828 -

552 2875 594 2928 De
613 2876 772 2942 gustatione
790 2877 817 2930 in
837 2879 985 2948 tetrastylo
1004 2879 1087 2933 tacte.

497 2973 527 3051 β.
556 2963 721 3018 sacrificium
740 2979 828 3033 agnae
848 2966 958 3036 opimae
976 2970 1006 3020 et
1017 2965 1203 3021 caerimoniae
1217 2979 1278 3019 cum

553 3067 588 3105 eo
607 3052 771 3106 coniunctae
775 3093 1238 3108 ..............
1272 3091 1278 3104 .

550 3140 593 3194 Do
606 3139 748 3193 Arvalium
767 3142 921 3211 praetextis
940 3147 968 3196 et
980 3143 1091 3197 coronis
1111 3142 1226 3212 spiceis.
1248 3171 1277 3181 —

551 3227 707 3282 immolatio
725 3243 813 3296 agneo
834 3231 906 3284 sacri
921 3244 1026 3283 summa
1044 3233 1111 3284 eret.
1126 3259 1159 3270 -
1173 3229 1280 3284 Litntio

551 3315 731 3370 victimarum.
743 3345 774 3355 -
787 3313 901 3370 Sacrum
915 3316 979 3371 ollis
993 3317 1104 3371 iactum.
1119 3346 1149 3356 -
1165 3316 1280 3370 Mensae

551 3417 658 3456 sacrae.
673 3433 699 3441 ·—
714 3403 755 3456 De
771 3402 834 3456 ollis
845 3403 872 3456 in
885 3402 948 3456 lnco
959 3405 1077 3474 repertis
1092 3403 1127 3457 de
1139 3419 1279 3457 vasorum·

551 3505 605 3560 que
624 3490 748 3543 fictilium
763 3490 838 3544 cuitu
858 3488 932 3561 apud
945 3490 1096 3546 Romanos.
1112 3521 1141 3529 -
1157 3491 1200 3544 De
1219 3491 1279 3544 the·

553 3577 643 3630 sannis
654 3576 726 3632 datis
739 3577 774 3631 ad
787 3594 870 3632 aram.
883 3607 909 3616 -
925 3577 968 3630 De
982 3577 1104 3649 scyphis,
1118 3579 1281 3650 sumpuviis,

550 3663 662 3717 acerris.
676 3694 705 3704 -
719 3665 760 3718 De
772 3666 897 3735 frugibus
908 3666 1001 3736 petitis
1014 3673 1043 3720 et
1056 3664 1183 3720 redditis.
1199 3695 1224 3705 -
1237 3665 1280 3719 De

551 3751 636 3805 verbo
648 3753 821 3806 dereidrreoc.
829 3784 861 3793 -
874 3753 915 3808 De
926 3755 1101 3808 caerimoniis
1111 3753 1138 3806 in
1146 3752 1215 3807 aede
1223 3752 1280 3807 iac-

551 3838 596 3893 tis.
609 3869 637 3877 -
652 3837 732 3892 Oliee
746 3855 797 3910 per
810 3841 910 3895 clivum
924 3843 1025 3896 iactae.
1036 3871 1067 3881 -
1079 3841 1157 3895 Deae
1175 3845 1281 3893 unctae.

552 3953 585 3965 -
600 3926 716 3980 Carmen
736 3929 899 3998 tripodatur.
912 3959 945 3969 -
960 3930 1001 3983 De
1019 3929 1112 3983 verbis
1127 3927 1281 3981 descindere

551 4031 665 4066 carmen.
678 4043 706 4052 -
720 4013 847 4069 Coronae
865 4013 994 4070 derectae
1009 4016 1168 4069 inseruntur.
1180 4043 1210 4052 -
1226 4015 1279 4067 Oo-

550 4105 683 4155 ronantnr
696 4101 775 4156 deae.
792 4131 821 4140 —
840 4101 952 4156 Eiectic
971 4103 1095 4172 magistri
1116 4107 1144 4156 et
1156 4100 1282 4155 flaminis.

550 4217 584 4227 -
603 4187 753 4242 Prandium
774 4189 800 4241 iu
819 4190 965 4259 tetrastylo
984 4189 1093 4244 iactum.
1113 4222 1145 4232 -
1161 4187 1281 4242 Fercula

551 4293 626 4331 more
646 4293 764 4347 pompae
784 4277 870 4330 iliata.

497 4366 524 4424 7.
551 4363 607 4417 iudi
627 4367 769 4419 circenses
773 4402 1277 4419 ...............

550 4451 638 4521 Bigae
651 4452 762 4520 quando
772 4453 888 4522 primum
899 4451 971 4505 actis
982 4459 1237 4505 commemorentur.
1249 4482 1280 4492 -

552 4539 596 4592 Da
606 4539 714 4592 ticinio.
728 4567 758 4578 -
772 4538 907 4606 Magister
920 4555 1005 4608 super
1014 4553 1143 4592 carceres
1153 4537 1283 4592 ascendit

550 4625 584 4680 ad
604 4627 713 4695 signum
733 4627 905 4682 mittendum.
928 4657 956 4666 -
980 4626 1022 4679 De
1036 4625 1114 4680 culce
1128 4626 1188 4679 sive
1201 4629 1280 4678 creta

550 4715 576 4765 in
597 4714 670 4768 ludis
689 4714 871 4768 circensibus.

497 4805 525 4866 ὁ.
550 4816 621 4854 cena
638 4802 666 4854 in
685 4801 753 4855 urbe
773 4801 848 4856 iacto
851 4837 1239 4856 ............
1274 4837 1279 4850 .

461 4887 486 4942 4.
549 4892 715 4960 praesentes
717 4925 1238 4944 ................
1272 4925 1278 4940 .

1443 865 1547 922 10-48

1516 1095 1563 1182 10'

1446 1215 1549 1270 10-1r

1517 4801 1552 4856 39

1447 4887 1554 4943 39-40
