3592 5598
513 1443 560 1518 II.
599 1441 814 1517 PIACULA
843 1442 905 1516 OB
933 1441 1078 1515 FERRI
1106 1439 1418 1518 INLATIONEM
1444 1443 1507 1518 ET

762 1612 1052 1688 ELATIONEM
1078 1613 1253 1690 FACTA.

808 1893 1206 1902 ——n——a--0—

409 2115 488 2172 Aeta
508 2113 630 2171 fratrum
651 2111 804 2170 Arvalium
830 2109 898 2170 inde
919 2113 956 2172 ab
983 2119 1080 2172 aetate
1104 2112 1244 2172 Caesaris
1266 2113 1395 2188 Augusti
1422 2111 1546 2172 vidimus
1573 2115 1613 2189 (p.
1633 2109 1672 2186 ll)

333 2209 429 2285 palam
469 2223 535 2265 esse
568 2206 739 2282 proposita,
779 2205 810 2263 id
843 2205 923 2281 qnod
957 2207 998 2265 ita
1030 2207 1091 2265 fieri
1124 2207 1240 2265 solebat
1273 2215 1305 2265 ut
1333 2213 1401 2267 aeta
1431 2207 1583 2282 magisteri
1615 2224 1673 2288 eon·

332 2303 467 2362 summati
498 2300 598 2376 primis
629 2300 775 2358 mensibus
806 2301 874 2358 anni
902 2299 1027 2376 proximi
1058 2301 1208 2378 sequentis
1238 2301 1266 2358 in
1293 2301 1361 2359 loeo
1390 2301 1419 2358 iu
1447 2319 1593 2360 marmore
1613 2319 1671 2359 exe·
1770 2361 1771 2370 ¹

331 2401 473 2456 rarenter.
503 2393 551 2454 Ob
572 2411 635 2454 earn
656 2411 716 2452 rem
737 2411 801 2452 eum
822 2394 1016 2454 instrumente
1034 2395 1131 2454 ferrea
1150 2395 1179 2453 in
1199 2393 1295 2454 lucum
1316 2395 1422 2454 inferre
1436 2413 1512 2471 opus
1528 2405 1673 2472 essetnec

332 2507 368 2549 ex
392 2491 449 2550 ritu
470 2495 585 2549 vetusto
605 2490 707 2548 liceret
727 2489 803 2548 ferro
825 2489 865 2548 ibi
891 2490 942 2564 nti,
972 2490 1119 2566 piaculum
1149 2489 1207 2548 luei
1238 2488 1376 2566 expiandi
1396 2507 1488 2548 eausa
1517 2491 1673 2550 laciendum
1770 2491 1771 2496 ’

332 2591 398 2644 eret
417 2591 447 2643 et
467 2601 531 2642 oum
551 2584 705 2643 inferretur
725 2585 833 2642 serrum
854 2590 883 2642 et
903 2601 968 2642 eum
989 2603 1088 2644 rursus
1110 2584 1269 2642 efferretur.
1305 2583 1343 2641 Id
1364 2603 1592 2662 quemquamne
1613 2601 1673 2644 vera

333 2697 410 2738 anno
430 2679 595 2755 insequenti
615 2678 714 2752 fiebat,
735 2677 935 2738 adnotabatur
954 2685 1051 2737 temen
1072 2677 1111 2738 ad
1131 2678 1215 2736 linem
1229 2683 1359 2737 actorum
1376 2678 1437 2736 eins
1451 2679 1522 2738 anni
1536 2679 1576 2739 ad
1597 2695 1672 2756 quem

332 2774 399 2850 ipsa
419 2779 487 2831 ecte
508 2773 691 2849 spectabant.
723 2771 909 2832 Piacnlornm
931 2781 1027 2834 eutem
1047 2773 1171 2847 illorum,
1192 2773 1249 2832 etsi
1269 2771 1338 2849 quin
1359 2777 1455 2831 aetate
1475 2773 1533 2831 iam
1545 2771 1673 2833 Caesaris

333 2868 462 2944 Augusti
482 2867 562 2928 lacta
584 2869 642 2928 siut
663 2866 781 2926 dubium
814 2884 870 2925 non
895 2875 949 2950 est„
970 2869 998 2926 in
1020 2867 1094 2927 aetla
1115 2867 1269 2927 Arvalium
1299 2865 1407 2924 mentIo
1438 2873 1575 2942 superest
1604 2865 1674 2925 nrrlle

333 2969 402 3023 ente
424 2980 529 3021 annum
550 2965 595 3036 80,
616 2963 645 3020 in
665 2963 746 3020 euius
768 2960 841 3020 aotis
863 2961 983 3038 piacula
1004 2961 1122 3037 signata
1143 2969 1211 3021 sunt
1230 2977 1329 3020 mense
1349 2961 1426 3020 lleio
1446 2961 1516 3019 anui
1537 2961 1573 3019 81
1596 2961 1672 3020 tacte.

334 3055 461 3115 Inscribi
491 3063 588 3115 eutem
619 3063 727 3133 coepte
756 3072 821 3115 esse
851 3055 993 3114 eiusmodi
1014 3055 1131 3134 piacula
1151 3063 1221 3132 post
1249 3073 1355 3114 annum
1386 3055 1501 3113 demum
1521 3056 1569 3128 59,
1600 3053 1673 3111 huius

335 3150 682 3224 anniaeteostenduut‚
704 3150 870 3228 quaelicet
900 3149 960 3207 iere
992 3149 1081 3225 plena
1110 3151 1270 3209 exhibeant
1300 3149 1477 3208 documenta
1507 3147 1546 3206 ed
1578 3165 1673 3208 anunm

332 3247 369 3304 59
389 3245 574 3322 pertinentia,
595 3246 713 3322 piacula
734 3243 771 3303 ob
793 3244 901 3302 serrum
921 3244 1104 3302 inferendum
1123 3251 1152 3302 et
1172 3242 1351 3303 efferendum
1381 3245 1461 3304 faeta
1482 3259 1539 3301 non
1561 3257 1673 3301 comme·
1769 3275 1770 3332 3

333 3347 456 3398 morant.
499 3339 585 3398 Unde
607 3344 724 3399 constat
745 3337 821 3398 inter
840 3355 934 3397 anuos
956 3341 992 3398 59
1013 3345 1042 3399 et
1062 3341 1099 3398 80
1119 3338 1148 3396 in
1169 3351 1237 3397 aeta
1256 3337 1358 3397 referri
1379 3356 1416 3398 ea
1436 3345 1545 3414 coepta
1565 3353 1637 3396 esse.

410 3451 538 3512 Flebant
557 3449 660 3510 eodem
681 3451 767 3528 plane
789 3447 875 3509 modo
895 3449 1014 3526 piacula
1035 3449 1072 3508 ob
1093 3449 1161 3508 ferri
1181 3449 1349 3509 inletionem
1370 3457 1400 3510 et
1420 3449 1586 3510 elationem.

825 3731 852 3794 1.
897 3729 1027 3796 Annus
1050 3735 1087 3796 et
1109 3729 1203 3795 dies.

412 3905 518 3963 Annus
540 3909 570 3962 et
590 3901 653 3960 dies
675 3918 818 3979 nusquam
849 3901 1020 3961 omittuntur
1049 3908 1078 3961 et
1108 3918 1224 3978 semper
1253 3902 1376 3978 priorum
1404 3903 1503 3963 locum
1534 3905 1674 3964 obtinent:

336 3999 539 4075 exceptionem
562 3996 673 4056 faciunt
696 3997 761 4055 sola
790 4004 859 4057 ecta
889 3997 957 4055 enni
978 3999 1042 4073 225,
1074 3997 1179 4074 quibus
1203 3997 1419 4073 coniunguntur
1448 3999 1577 4076 quodem
1597 3995 1675 4057 modo

336 4093 455 4170 piacula
475 4093 513 4151 ob
533 4091 702 4150 iulationem
732 4099 762 4152 et
791 4091 947 4152 eletionem
973 4092 1063 4168 laeta,
1095 4099 1125 4152 et
1150 4091 1218 4151 anni
1239 4093 1304 4166 214,
1326 4093 1431 4169 quibus
1453 4111 1548 4154 annus
1573 4102 1602 4154 et
1621 4093 1674 4152 dies
1768 4095 1769 4164 Ῡ

339 4187 473 4246 ridentur
493 4185 594 4246 omissi
614 4203 689 4246 esse.

381 4297 408 4366 1.
434 4301 562 4382 piaculo
584 4300 621 4362 ob
644 4301 823 4363 inletionem
845 4301 941 4381 fectu.
1088 4299 1116 4363 2.
1137 4301 1266 4382 piaculo
1288 4300 1325 4363 ob
1350 4301 1511 4364 elationem
1532 4304 1627 4384 [uelo.

338 4418 377 4484 81
489 4419 525 4484 L.
548 4419 677 4484 Vitellio
701 4419 813 4484 Paullo
835 4421 871 4484 T.
895 4420 985 4485 Iunio
1037 4420 1138 4487 isdem
1161 4419 1402 4506 ooln)s(ulibus)
1421 4419 1469 4485 III
1483 4419 1555 4486 idus
1572 4420 1671 4486 Maias.

529 4523 681 4588 Montano
749 4520 986 4608 eo(n)s(ulibns)

529 4623 707 4710 klaleudis)
729 4627 821 4692 Mais.

341 4741 404 4830 [88]
491 4793 721 4812 ........
744 4744 847 4810 Plotio
875 4746 986 4830 Grypo
1040 4793 1524 4812 ................

531 4847 771 4934 ootn)s(ulibus)
797 4847 895 4914 XIIII
918 4848 987 4928 kle-

530 4951 658 5038 leudas)
680 4951 793 5017 Maias.
