3644 5592
294 345 363 388 xpm
398 315 402 326 ²
891 317 1051 376 Exordium.
1123 355 1127 362 ·

295 497 375 562 actis
404 515 433 560 a.
457 496 513 560 87:
539 496 573 558 in
603 495 761 577 tetrastylo
788 493 992 558 concederunt
1019 501 1048 557 et
1070 513 1110 558 ce
1130 495 1286 577 smrificio
1308 494 1425 578 epulmi
1444 503 1526 558 cunt.
1547 513 1656 576 sump-

296 602 394 681 tisque
422 600 594 680 praetentis
624 603 681 661 ccl.
711 600 754 661 ad
780 607 960 662 summotum
981 599 1182 662 escenderunt
1203 607 1232 661 el
1254 603 1312 662 cet.
1336 599 1412 661 deae
1435 599 1514 661 Diae
1535 618 1655 680 αρηιιηι

296 705 429 783 opimum
459 703 671 776 immolarunt,
699 703 897 783 perfectoque
925 703 1083 782 romilleio
1107 706 1164 765 cet.
1180 703 1219 782 in
1242 703 1430 787 tetrastplum
1453 704 1656 766 descideruut

296 806 397 886 ibique
420 809 478 869 oet.
502 806 619 885 epulati
640 813 720 866 curet.
766 801 855 880 Quae
878 823 948 867 cum
971 802 1017 866 ita
1038 793 1111 888 sint,
1134 803 1230 869 valde
1252 811 1337 869 certe
1358 803 1536 889 probabilis
1565 805 1655 869 foret

296 905 484 970 llommseui
507 905 674 988 sententia,
697 904 757 968 uisi
780 903 943 970 obstarent
958 911 1030 969 acta
1044 923 1074 969 a.
1093 905 1162 988 183,
1187 905 1220 970 in
1236 906 1351 990 quibus
1365 915 1536 992 postquam
1551 913 1655 973 antea

296 1009 448 1075 Caesarei
462 1007 579 1072 mentio
597 1007 683 1071 lacta
697 1014 753 1091 est,
769 1007 880 1091 paullo
895 1013 968 1090 post
983 1015 1246 1074 commemoratur
1261 1011 1460 1095 tenestylum
1474 1011 1508 1097 ¹).
1553 1009 1653 1089 Quod

296 1133 365 1178 cum
391 1113 526 1198 primum
556 1110 736 1175 nominetur
763 1111 795 1174 in
823 1110 902 1174 actis
929 1111 1005 1175 anni
1028 1111 1079 1196 87,
1107 1117 1139 1177 et
1160 1113 1253 1178 annis
1280 1134 1337 1181 sex
1360 1121 1434 1180 ante
1456 1113 1591 1180 Arvales
1614 1112 1652 1176 iu

298 1216 456 1282 Caesareo
491 1214 609 1298 epulati
624 1233 710 1290 ,csse
739 1211 901 1292 dicautur,
935 1211 1003 1278 fieri
1030 1219 1135 1298 potest
1161 1221 1195 1279 ut
1222 1215 1301 1300 ipsis
1328 1217 1455 1283 demum
1483 1218 1531 1283 his
1552 1215 1652 1281 annis

297 1317 499 1384 aedificatum
529 1319 580 1383 sit.
624 1317 734 1382 Fuerit
761 1323 866 1381 autem
888 1317 1087 1399 tetrastylum
1115 1337 1245 1383 necesse
1275 1326 1325 1386 est
1359 1319 1539 1386 aedificium
1567 1319 1653 1386 satis

296 1421 452 1506 amplum,
487 1441 556 1486 cum
584 1420 754 1487 triclinium
783 1438 911 1503 quoque
944 1419 1203 1503 complecteretur
1218 1421 1259 1508 ¹),
1295 1431 1327 1490 et
1359 1425 1437 1490 alibi
1453 1425 1477 1511 ³)
1509 1425 1652 1490 Arvales

295 1523 445 1590 dicautur
473 1525 506 1590 in
534 1524 701 1608 tetrastylo
729 1524 761 1588 in
789 1522 951 1588 subselliis
978 1522 1177 1591 consedisse:
1212 1525 1357 1612 pluribus
1384 1527 1481 1610 igitur
1503 1527 1651 1612 partibus

301 1627 504 1692 consistebat.
528 1666 568 1674 —
591 1627 713 1693 Aedem
742 1627 823 1693 deae
851 1625 931 1691 Diae
959 1626 991 1690 in
1019 1626 1084 1692 alto
1107 1633 1180 1693 acta
1202 1629 1373 1714 collocant,
1396 1649 1467 1694 cum
1490 1632 1532 1696 ad
1554 1649 1654 1697 sacra

295 1731 328 1795 in
361 1752 401 1796 ea
428 1730 579 1796 facienda
605 1730 790 1796 sacerdotes
816 1731 922 1794 lucum
949 1729 1123 1795 escendunt
1151 1731 1357 1816 perlectoque
1386 1731 1541 1799 sacrificio
1571 1733 1650 1798 iude

296 1834 502 1900 descendant.
531 1835 645 1918 Neque
659 1840 765 1900 tamur
788 1834 821 1898 in
844 1853 966 1898 summo
990 1833 1072 1899 colle
1094 1834 1221 1901 videtur
1242 1837 1305 1901 sita
1326 1835 1435 1922 firisse,
1461 1836 1516 1902 ubi
1539 1835 1651 1902 aedifi-

295 1939 417 2004 ciorum
443 1937 647 2022 antiquorum
681 1937 821 2020 vestigia
853 1941 1024 2020 supersunt
1055 1937 1157 2021 nulla,
1192 1938 1251 2004 scd
1276 1945 1361 2005 recte
1401 1945 1478 2025 puto
1511 1959 1569 2024 pro
1605 1959 1648 2004 ea

294 2042 405 2107 baberi
421 2040 600 2107 aedificium
615 2040 695 2106 illud
717 2039 897 2123 reundum,
921 2041 972 2104 cui
988 2059 1065 2105 casa
1079 2041 1198 2106 rustica
1213 2043 1462 2128 superimposita
1483 2049 1540 2108 est.
1577 2042 1648 2107 Hoc

295 2150 442 2210 accurate
474 2144 669 2209 Lancianius
702 2151 734 2208 et
767 2143 911 2228 depinxit
944 2150 975 2208 et
1008 2143 1191 2229 descripsit,
1225 2165 1285 2211 uec
1319 2147 1472 2212 columnis
1505 2145 1648 2211 ostendit

295 2253 439 2312 ornatum
468 2247 581 2332 fuisse,
609 2245 667 2312 sed
693 2245 867 2331 parastatis
895 2247 1017 2312 ordinis
1047 2245 1201 2313 Corinthii
1217 2247 1257 2335 ⁴),
1286 2249 1510 2334 inscriptiones
1538 2255 1646 2314 autem

294 2349 410 2414 affixas
433 2349 535 2414 fuisse
563 2349 606 2414 ad
628 2349 822 2434 stylobatam
845 2349 975 2432 collegit
996 2369 1035 2416 ex
1058 2351 1114 2436 iis,
1140 2371 1223 2436 quae
1246 2351 1286 2419 de
1308 2351 1497 2436 fragmentis
1527 2351 1645 2417 circum

294 2473 401 2518 casam
424 2453 551 2518 effossis
573 2472 671 2537 supra
692 2453 908 2538 exposuimus.
953 2453 1183 2539 Inscriptiones
1204 2457 1295 2522 enim
1324 2476 1395 2522 cum
1424 2457 1457 2522 in
1486 2453 1567 2520 aede
1600 2455 1645 2521 vi·

295 2555 430 2620 deanbrr
453 2555 636 2640 propositae
659 2575 739 2641 esse,
764 2557 871 2640 quoad
893 2557 1031 2641 spatium
1050 2558 1236 2624 remanebat
1251 2580 1387 2625 vacuum
1403 2560 1450 2645 (in
1466 2560 1546 2626 actis
1560 2560 1645 2626 euim

294 2659 372 2722 anni
394 2659 449 2743 81,
477 2657 593 2741 quibus
619 2659 757 2743 primum
779 2667 1044 2725 commemoratur
1065 2661 1227 2745 piaculum
1250 2662 1290 2727 ob
1316 2662 1391 2728 ferri
1414 2662 1590 2728 illationem
1614 2670 1645 2728 ct

294 2761 463 2826 elaborem
491 2759 622 2847 factum,
651 2761 685 2826 id
712 2762 745 2828 in
773 2761 885 2828 aedem
914 2762 1030 2828 dicitur
1056 2763 1181 2829 illatum
1209 2765 1250 2831 de
1281 2785 1385 2851 eaque
1408 2766 1643 2852 elatumesse),

294 2863 474 2931 aedificium
504 2864 674 2929 rotundum
702 2865 779 2950 quin
801 2865 899 2930 aedes
922 2865 1004 2932 deae
1026 2867 1067 2931 sit
1088 2867 1227 2933 dubitari
1250 2869 1304 2934 rix
1329 2875 1443 2954 potest.
1488 2868 1579 2948 Quae
1604 2887 1645 2934 ex

294 2989 334 3034 ea
350 2973 522 3053 supersunt
535 2967 691 3052 reliquiae
713 2987 783 3032 eum
806 2969 927 3034 saeculi
948 2969 1080 3034 alterius
1101 2967 1196 3034 finem
1218 2971 1345 3036 tertiive
1366 2971 1493 3037 initium
1514 2990 1592 3056 prae
1607 2991 1643 3036 se

294 3073 399 3138 ferant
413 3071 453 3156 ⁸),
481 3091 521 3136 ea
548 3076 652 3136 aetate
676 3069 773 3135 aedes
796 3071 917 3136 refecta
937 3071 978 3136 sit
999 3091 1131 3138 neeesse
1154 3078 1216 3159 cst,
1246 3094 1341 3158 quam
1364 3093 1449 3139 anno
1473 3081 1558 3140 certe
1583 3075 1643 3139 183

294 3175 357 3239 iam
380 3194 473 3240 ruere
495 3173 640 3258 coepisse
662 3172 740 3238 ficus
761 3172 890 3240 videtur
911 3173 1055 3240 indicare
1076 3180 1153 3240 nata
1174 3175 1207 3240 iu
1230 3175 1361 3260 fastigio
1386 3177 1464 3244 eius.

378 3275 429 3340 24.
472 3277 521 3342 De
548 3276 705 3342 Caesareo
733 3276 813 3340 nihil
840 3276 917 3341 certi
946 3276 1019 3343 licet
1045 3275 1205 3344 affirmare
1233 3279 1294 3344 nisi
1327 3279 1507 3346 aedificium
1541 3281 1641 3346 fuisse

293 3377 566 3462 quadrangulum:
589 3377 622 3442 in
644 3377 835 3444 effodiendis
858 3379 942 3444 enim
965 3381 1076 3466 templi
1098 3381 1267 3448 ruderibus
1291 3381 1472 3466 fragmenta
1486 3384 1643 3448 nonnulla

291 3487 420 3565 reperta
441 3489 515 3546 sunt
536 3482 621 3546 tituli
644 3479 809 3546 cuiusdam
831 3483 946 3548 litteris
968 3484 1116 3549 maximis
1138 3485 1257 3570 scripti,
1275 3487 1329 3570 qui
1344 3486 1387 3551 ad
1403 3494 1641 3552 monumentum

292 3584 464 3655 rotundum
497 3585 690 3669 pertinuisse
723 3585 841 3668 nequit.
887 3585 928 3650 Et
959 3585 1045 3651 illius
1074 3589 1203 3673 quidem
1233 3609 1345 3655 versus
1372 3589 1492 3674 primus
1527 3590 1640 3655 litteris

292 3685 368 3750 altis
393 3708 433 3750 m.
455 3689 487 3772 0,
513 3689 689 3771 lae-opo
711 3708 827 3754 nomen
849 3687 978 3754 exhibet

820 3793 853 3857 M
864 3827 872 3844 ·
883 3792 1094 3860 VALERIVS

292 3891 519 3975 Fragmentum
541 3894 674 4024 altason
696 3894 810 3962 litteris
833 3895 907 3964 altis
929 3917 969 3962 m.
992 3898 1023 3984 0,
1048 3897 1108 3963 143
1131 3896 1271 3964 continet
1291 3895 1385 3988 baec:

591 3998 698 4172 ae

290 4201 419 4269 tertium
441 4203 555 4271 litteris
578 4205 651 4272 altis
677 4225 717 4270 m.
741 4203 869 4295 0,168‚
893 4225 974 4294 quas
997 4203 1058 4274 huc
1079 4205 1267 4276 referendas
1289 4228 1360 4278 esse
1381 4210 1481 4279 sectio
1503 4211 1641 4279 ostendit

290 4305 424 4372 inferior
447 4307 581 4394 lapidis:

307 4411 445 4420 ψ.-

362 4447 380 4508 ¹)
401 4447 547 4517 [liquidem
576 4447 765 4503 arbitrorubi
791 4454 888 4518 agutur
907 4450 942 4504 de
997 4467 1077 4520 qoam
1103 4451 1157 4516 ite,
1183 4456 1213 4505 ut
1231 4452 1345 4507 alterum
1371 4454 1406 4508 ed
1429 4455 1543 4509 alteram
1563 4455 1638 4509 cedi-

289 4531 379 4586 sacris
416 4530 552 4601 divorum,
583 4534 738 4592 aedificium
775 4535 940 4592 Caesareum
991 4537 1447 4612 ficiipurtcmpropriepertineat
1487 4543 1611 4610 umus

290 4621 465 4691 potissimum
490 4623 640 4692 appellari3
658 4623 705 4678 ubi
724 4630 823 4695 agetur
841 4625 875 4679 de
893 4641 938 4680 sa·
1030 4679 1035 4684 .
1061 4626 1083 4695 ²)
1103 4625 1138 4682 cl.
1158 4627 1193 4680 ad
1212 4631 1276 4683 acta
1294 4645 1318 4685 a.
1338 4631 1380 4686 87.
1399 4632 1442 4686 90.

290 4707 433 4762 cardetum
452 4709 552 4780 epulis,
572 4711 731 4783 plerumque
751 4713 937 4781 tetrastylum
1059 4713 1080 4781 ³)
1100 4713 1135 4768 cl.
1155 4715 1190 4768 ed
1209 4720 1274 4769 ecta
1291 4731 1316 4770 a.
1334 4719 1395 4773 218.

289 4810 378 4864 neque
397 4795 514 4850 offendit
534 4798 633 4868 opinor
651 4799 754 4870 duplex
773 4785 937 4856 vocabulum
1055 4799 1078 4869 ⁴)
1098 4801 1237 4857 delusione
1253 4819 1279 4874 p.
1293 4791 1343 4860 Ι105
1353 4821 1446 4876 seqq.;
1465 4803 1523 4859 tab.
1536 4803 1586 4860 IV.
1602 4803 1638 4860 V.

289 4881 317 4935 in
346 4881 443 4937 eodem
472 4884 655 4940 instrumento
681 4885 848 4955 admissum,
876 4904 936 4942 cum
1058 4887 1282 4962 Ι)1.ο.ρ.106.

287 4971 450 5044 praesertim
465 4977 634 5047 usurpentur
645 4991 699 5031 uon
712 4983 765 5032 tum
780 4977 937 5056 promiscue
