3592 5598
272 349 332 415 132
886 344 1010 412 Piacuia

271 517 357 607 [219]
366 523 424 586 221
437 519 624 610 [Auuxm]
646 527 841 608 magiisteri)
857 530 878 607 ¹)
912 532 998 594 illiue
1031 579 1038 593 .
1069 579 1076 593 .
1108 581 1114 594 .
1144 578 1151 593 .
1186 530 1227 595 ob
1262 529 1337 596 ferri
1370 531 1527 598 iulatione
1561 535 1631 612 (cic.

666 628 851 709 elationem)
874 631 1050 714 scripturae
1073 639 1105 696 et
1127 633 1311 715 scalpturae
1332 633 1510 698 marmoris.
1525 633 1550 714 ¹)

623 729 693 782 Dedi
713 735 778 783 aete
796 748 819 782 a.
839 732 900 788 221.

622 800 642 862 ¹)
661 818 697 852 rc.
716 802 868 872 piaculum:
887 806 966 856 rerba
984 805 1124 872 magisteri
1145 803 1259 857 secundi
1273 808 1379 858 iuuetis
1392 807 1514 858 elatioris
1527 807 1634 861 &mut

622 869 642 932 ²)
663 871 756 940 operis
776 874 893 942 perfecti
917 892 969 942 pro
993 875 1135 927 marmoris
1160 887 1210 928 aa.
1232 876 1293 928 ciat.
1314 903 1346 914 -
1366 874 1556 944 Fragmentum
1574 879 1631 929 en·-

664 961 754 1010 9uum,
791 944 861 1008 quod
896 955 1005 1012 proptor
1035 943 1253 1012 similitudinem]
1276 946 1427 996 litterarum
1466 947 1630 1012 temporibus

670 1013 822 1064 Alexandri
845 1014 939 1073 tribui,
963 1016 1068 1066 eaodem
1092 1015 1197 1066 uidetur·
1222 1016 1370 1066 exhibuisse
1389 1017 1538 1082 formulae:
1567 1017 1632 1068 iterra

671 1084 772 1134 cimilia
790 1093 852 1134 ruat
870 1099 902 1134 eo
921 1101 988 1150 quoe
1006 1101 1039 1135 ero
1057 1092 1124 1136 aetio
1143 1103 1168 1139 u.
1186 1085 1239 1138 219
1257 1097 1404 1150 supersunt.

270 1175 358 1267 [222]
625 1181 770 1270 [ferrulm
807 1183 964 1250 inferendi
1002 1186 1179 1269 scripturae
1213 1193 1244 1250 et
1276 1183 1498 1272 saalIthudae
1534 1185 1633 1272 mar]-

749 1284 756 1298 ⁰
816 1285 823 1316 l

623 1287 933 1470 [ielrliffriisbifbrendi
965 1388 1142 1471 scripturae
1174 1395 1205 1452 et
1235 1389 1428 1476 scalpturae]
1460 1390 1632 1473 magisteri

664 1487 795 1572 peracti.
813 1487 835 1566 ¹)

621 1592 640 1656 ¹)
657 1592 686 1642 iu
704 1592 772 1642 actia
786 1590 933 1648 ¹e'uluiiouie
950 1593 1046 1643 montio
1065 1593 1188 1658 magistri
1208 1593 1281 1654 anui,
1309 1596 1384 1645 curius
1402 1605 1463 1646 octo
1481 1593 1632 1646 incidendo

670 1671 740 1722 aaut,
759 1661 898 1711 coniuncta
916 1671 973 1711 erat
992 1679 1049 1712 cum
1068 1663 1154 1713 verbio
1176 1661 1315 1730 piaculum
1341 1663 1455 1719 sactum:
1484 1664 1630 1732 deficiebat

670 1732 699 1781 ia
718 1731 783 1781 actio
802 1729 935 1782 eloiiouio.

626 1830 820 1914 mag(isteri)
856 1833 941 1894 iilius
956 1833 979 1913 ¹)
1017 1831 1057 1897 ab
1096 1832 1172 1898 ferri
1203 1833 1390 1899 iulationem
1428 1836 1630 1916 (elationem)

664 1933 868 2016 scripturme)
892 1938 923 1995 et
945 1933 1155 2016 sculptur(ae)
1178 1937 1372 2015 mermedis)
1394 1955 1502 2002 causa.
1517 1937 1541 2016 ')

622 2035 640 2096 ¹)
660 2033 867 2104 captabulum:
887 2035 966 2086 acrba
985 2035 1127 2102 magisteri
1147 2033 1220 2088 illius
1240 2054 1288 2091 om.
1308 2050 1369 2091 eoru
1387 2039 1515 2092 elationis.

621 2103 641 2170 ²)
661 2105 755 2175 operis
773 2102 890 2173 perlecti
908 2119 958 2173 pro
977 2105 1120 2158 marmoris
1139 2116 1190 2157 oct.
1210 2107 1272 2161 elac.

344 2211 437 2268 Ferro
469 2208 512 2268 uti
542 2209 571 2266 in
600 2208 693 2266 sacris
724 2224 781 2265 nau
801 2205 920 2266 licebat.
962 2207 1103 2276 Legimus
1125 2207 1203 2284 apud
1226 2209 1410 2268 Macrobium
1432 2213 1472 2282 (5,
1496 2214 1541 2285 19,
1563 2213 1628 2284 11):

270 2307 378 2362 americo
399 2304 438 2360 od
455 2321 512 2360 rem
532 2304 653 2359 dioiaara
669 2301 804 2376 pleraque
824 2317 909 2355 aerteu
924 2300 1048 2358 adhiberi
1061 2302 1143 2358 solitu
1155 2304 1242 2360 multo
1260 2305 1363 2359 iudicio
1383 2313 1451 2372 auat,
1472 2311 1503 2364 et
1522 2305 1628 2380 paullo

268 2405 338 2472 post
357 2397 387 2470 (l.
410 2413 435 2454 o.
458 2395 505 2472 13)
528 2395 619 2454 verbs
639 2393 779 2453 Carminii
801 2391 892 2450 haec:
918 2396 1000 2468 priua
1029 2399 1121 2469 itaque
1152 2407 1177 2452 et
1201 2396 1302 2454 Tuaooe
1333 2415 1415 2454 aeaco
1445 2417 1552 2456 comere
1577 2403 1628 2468 uti,

267 2507 327 2546 aim
348 2491 525 2548 coaderadur
545 2489 632 2557 urbes,
652 2488 754 2556 solitar,
783 2489 812 2541 iu
834 2485 973 2562 Tapetirie
1004 2505 1096 2544 eorum
1125 2493 1214 2545 eocria
1242 2493 1348 2548 iuuenta
1372 2501 1398 2547 et
1416 2495 1445 2548 iu
1463 2493 1575 2551 Sabinis
1595 2511 1629 2548 cs

267 2601 330 2640 aere
350 2583 452 2640 crdtroa
472 2584 568 2657 quibua
586 2582 741 2639 sacerdotes
761 2580 944 2637 tonderentur.
979 2580 1054 2638 ltem
1070 2579 1191 2639 Servius
1214 2579 1266 2657 (ad
1285 2582 1355 2640 Aea.
1375 2587 1401 2654 1,
1420 2585 1506 2659 448J:
1520 2585 1626 2659 stamar

268 2677 362 2734 mua
382 2680 468 2734 aaut
488 2676 583 2733 cultris
603 2674 775 2742 tondebatur,
798 2672 893 2748 deque
914 2673 1062 2732 flaminica
1081 2673 1161 2732 Diali
1182 2673 1306 2733 Ovidius
1327 2675 1445 2751 (souti,
1465 2678 1550 2750 230):
1569 2698 1626 2738 uon

267 2789 368 2846 uapore
381 2771 463 2844 ferro
482 2769 645 2826 subsecuisse
664 2768 743 2836 ticet,·
762 2767 799 2824 ci.
821 2765 885 2824 Ioh.
909 2766 985 2842 Lyd.
1008 2769 1041 2826 de
1059 2787 1140 2826 merra,
1164 2772 1188 2842 l,
1209 2769 1254 2828 31.
1297 2767 1440 2828 Scribant
1468 2787 1557 2846 porro
1589 2771 1627 2829 de

267 2869 357 2937 ponte
379 2863 502 2920 sublicio
523 2863 645 2936 Dionys.
668 2861 769 2918 Halia..
784 2861 812 2930 3,
831 2863 883 2918 45:
904 2858 954 2916 xiil
976 2857 1030 2935 τὴν
1050 2859 1171 2935 ξυλίνην
1191 2856 1338 2938 γεφύραν,
1360 2855 1398 2938 ἣν
1418 2855 1489 2920 ἄνευ
1506 2864 1628 2938 χαλκοῦ

268 2953 318 3012 irai
348 2950 478 3031 σιδήρου
509 2950 656 3012 δεδέσθαι
687 2950 778 3027 θέμις
807 2948 860 3009 bn’
881 2947 983 3010 αὐτῶν
1004 2948 1266 3030 διακρατουμένην
1297 2957 1358 3012 τῶν
1386 2947 1496 3029 ξύλων,
1516 2953 1626 3024 ἐκεῖνος

269 3051 322 3124 (sc.
347 3040 454 3124 Ἄγκος
474 3041 633 3122 Μάρκιος)
664 3044 814 3104 ἐπιθεῖναι
846 3046 889 3124 τῷ
913 3041 1037 3118 Τεβέρει
1068 3043 1193 3123 λέγεται,
1226 3041 1262 3121 ἣν
1293 3038 1363 3122 ἄχρι
1393 3048 1450 3104 τοῦ
1473 3039 1627 3121 παρόντος

268 3135 480 3216 φυλάττουσιν
504 3135 584 3214 ἱερὸν
604 3129 679 3196 ebruc
700 3135 884 3211 νομίζοντεςι
906 3147 935 3194 et
956 3137 1070 3196 Plinius
1092 3137 1130 3214 (a.
1151 3139 1176 3196 b.
1197 3139 1245 3212 36,
1268 3140 1350 3212 100):
1381 3139 1470 3217 Cyzici
1491 3149 1514 3198 el
1535 3139 1626 3197 buleu-

269 3239 366 3292 terium
394 3243 494 3292 vocant
523 3235 675 3308 aedificium
705 3233 827 3308 amplum
856 3235 913 3288 ciue
936 3234 1033 3306 ferreo
1054 3234 1143 3302 clavo,
1162 3237 1202 3290 ita
1224 3234 1358 3308 diaposito
1378 3237 1577 3308 comipuutioae
1596 3245 1628 3292 ut

268 3331 419 3385 aeimoatur
448 3328 538 3385 trabea
567 3331 623 3384 ciue
646 3326 764 3401 sulturia
794 3343 828 3380 ac
857 3333 1036 3400 reponantur,
1064 3325 1140 3400 quad
1156 3329 1218 3383 item
1239 3327 1346 3384 Romae
1365 3331 1394 3383 iu
1409 3337 1492 3402 portic
1512 3328 1626 3387 sublicio

266 3423 423 3498 reiipiocum
443 3431 489 3480 eat.
529 3420 565 3478 Iu
585 3419 652 3493 lege
672 3434 762 3494 porro
783 3417 819 3476 de
840 3417 915 3476 aede
938 3417 1019 3476 loris
1040 3417 1141 3479 Liberi
1163 3419 1340 3478 Furioneusi
1360 3419 1404 3493 (C.
1419 3419 1444 3477 Ι.
1460 3421 1497 3478 L.
1515 3423 1540 3494 1,
1555 3421 1626 3497 603)

267 3515 299 3572 id
329 3515 425 3590 ipsum
456 3521 579 3572 caretur
608 3519 641 3570 ut
668 3512 698 3568 in
727 3509 888 3570 reficienda
917 3529 953 3569 ea
983 3513 1059 3570 terro
1088 3513 1129 3570 uti
1151 3513 1197 3572 las
1219 3511 1264 3571 sic.
1305 3509 1377 3571 Ritu
1398 3511 1488 3586 igitur
1508 3523 1626 3572 vetusto

268 3618 386 3668 cautum
407 3616 471 3666 erat
491 3623 526 3664 ue
548 3604 587 3663 ad
608 3623 693 3664 sacra
714 3605 820 3663 ferrum
842 3603 1041 3680 adhiberetur,
1063 3623 1186 3682 eamque
1203 3607 1239 3666 ob
1262 3623 1382 3664 causam
1395 3605 1544 3680 piaculum
1562 3615 1627 3666 erat

267 3701 440 3772 Arvalibus,
462 3701 579 3776 quoties
600 3699 629 3756 in
649 3699 745 3756 lucum
767 3699 907 3757 aedemse
928 3699 1035 3758 iemum
1056 3700 1177 3757 inlatum
1208 3705 1281 3758 erat.
1324 3696 1372 3756 Cf.
1393 3699 1557 3757 Mommsen
1587 3701 1628 3758 od

271 3795 299 3854 C.
321 3797 348 3852 1.
371 3795 407 3855 L.
428 3795 447 3852 l.
469 3811 494 3853 c.
525 3797 556 3852 et
585 3793 623 3850 M.
654 3790 690 3848 de
722 3789 811 3848 Rossi
842 3793 915 3850 Aua.
946 3798 1006 3850 inst.
1038 3793 1112 3850 arob.
1146 3795 1217 3852 lect
1250 3811 1278 3868 p.
1300 3795 1346 3851 35.
1371 3823 1409 3833 -
1436 3791 1627 3852 Interebatur

267 3893 364 3948 autem
386 3889 493 3948 ferrum
512 3891 667 3962 scripturae
687 3893 711 3942 et
729 3887 886 3961 scalpturae
906 3906 1000 3956 cauco,
1020 3886 1082 3944 eive
1102 3895 1132 3942 ut
1161 3896 1226 3944 acta
1245 3887 1460 3961 iraculpereutur
1488 3891 1627 3962 παρίασι·

267 3981 420 4040 cuiusdam
450 3981 501 4056 (ai.
527 3983 586 4050 91).
628 3977 711 4050 Quae
743 3988 831 4038 autea
861 3979 986 4037 vidimus
1016 3979 1046 4037 iu
1077 3979 1239 4055 parietibus
1270 3978 1401 4036 externis
1432 3979 1517 4038 aedis
1549 3981 1626 4038 deae

266 4075 342 4133 Diae
362 4082 484 4133 exarata
504 4089 568 4131 esse
590 4071 639 4147 (cl.
663 4069 826 4128 Exordium
852 4071 875 4146 ξ.
897 4074 934 4130 28
961 4091 989 4148 p.
1011 4071 1130 4147 XXV),
1165 4072 1259 4130 donec
1290 4071 1415 4146 spatium
1445 4073 1625 4150 recipiendia

265 4165 302 4225 iis
326 4165 487 4226 sufficeret:
519 4166 550 4224 id
570 4162 651 4243 quod
670 4162 858 4222 confirmatur
879 4164 976 4224 verbis
998 4175 1129 4224 actorum
1165 4165 1234 4222 auri
1254 4165 1301 4236 81,
1332 4165 1438 4240 qulbus
1468 4169 1499 4221 iu
1529 4167 1626 4224 amca

266 4259 373 4318 tenum
391 4259 515 4318 inlatum
535 4275 602 4318 esre
623 4256 737 4318 dicitur.

752 4481 1143 4490 —ss-—ffl

687 4687 715 4747 b.
743 4705 764 4746 a
786 4703 845 4765 quo
867 4685 996 4764 piaculo
1016 4685 1105 4764 sacta
1126 4687 1196 4746 aiat.

617 4821 674 4886 per
697 4801 871 4866 caletorum
894 4809 925 4865 et
947 4801 1093 4884 publicos
1117 4801 1187 4866 eius
1210 4799 1377 4866 sacerdoti.
1397 4801 1418 4880 ¹)

619 4906 636 4968 ¹)
657 4923 691 4956 eo.
704 4908 827 4973 fratrum
848 4906 993 4958 Arvalium.
