3570 5590
1382 336 1503 378 CCXXIII

227 1301 330 1396 INP.
362 1296 567 1396 UAUSAR
594 1299 645 1393 M.
676 1299 945 1394 ANTONIUS
975 1297 1271 1395 GORDIANUS
1300 1299 1418 1394 PIUS
1457 1361 1463 1368 -

660 1431 817 1526 FELIX
844 1430 1132 1525 AUGUSTUS.

294 1913 338 1978 VI
361 1909 433 1976 idus
455 1915 593 1989 lassior)
616 1913 649 1973 io
673 1909 827 1992 Capitolio
850 1930 912 1974 orr-
1528 1952 1607 1991 „M

184 2022 216 2082 te
241 2015 355 2082 cellam
376 2015 508 2080 Iunonis
531 2017 654 2096 raoinoe
676 2022 749 2076 oola
771 2033 878 2076 annuo
898 2023 1041 2096 suscepto

183 2119 217 2184 in
240 2119 290 2185 III
311 2119 442 2204 non(as)
470 2117 667 2202 Ian(uarias)
695 2135 778 2202 quae
804 2119 968 2198 proximae
991 2117 1138 2199 p(opalo)
1165 2116 1335 2321 momiano)
1366 2118 1491 2195 Osairi-
1531 2158 1609 2198 hm„

1270 2221 1365 2296 tibus)
1388 2229 1495 2296 erant;

181 2327 261 2392 item
284 2325 472 2392 decennalia
494 2333 640 2408 suscepto
659 2345 719 2407 pro
741 2327 841 2388 solato

179 2433 213 2493 et
236 2428 453 2494 ineolumitate
474 2428 704 2514 imp(eratoris)
728 2429 903 2505 Caesaris)
926 2427 965 2490 ll.
988 2428 1117 2491 Antonii

180 2529 342 2598 Gordiani
365 2531 410 2616 pii
433 2530 537 2596 felicis
559 2530 732 2614 Aaososti).
765 2533 883 2612 [ratres
905 2531 1038 2594 Arvales

179 2639 398 2702 convenerunt
419 2652 477 2719 per
500 2632 543 2702 Μ.
566 2633 599 2698 Μ
601 2680 862 2702 .........

136 2841 333 2911 Fragmentum
352 2841 416 2896 olim
436 2841 508 2913 opud
529 2841 659 2898 Ursiaum
678 2841 763 2898 VRS.
783 2843 933 2913 (repertum
953 2842 1036 2912 igitur
1058 2829 1173 2895 videtur'
1190 2841 1217 2894 iu
1245 2841 1327 2896 vinos
1345 2838 1490 2894 Osoearel·

136 2927 259 2994 lionam);
288 2928 388 2984 deindo
416 2929 443 2982 ia
468 2927 585 2984 aedibus
603 2930 748 2984 Faroeslis
772 2931 862 2984 MAR.
887 2945 959 2986 nane
978 2929 1005 2984 in
1024 2944 1120 2982 moseo
1139 2927 1326 3000 Neapolitano
1345 2925 1491 2983 MOMMS.

426 3015 526 3072 FIOR.
562 3017 687 3072 Litterae
706 3018 776 3073 satis
794 3017 895 3084 bouso,
915 3017 989 3074 eltae
1008 3016 1073 3072 mill.
1093 3017 1199 3072 7-10.

205 3119 353 3190 Descripsi
372 3135 407 3173 ex
425 3125 526 3192 ectypo
545 3121 701 3178 chartaceo.
720 3122 786 3176 Udi·
837 3122 909 3178 Iunii
925 3122 1026 3176 laetum
1040 3135 1103 3174 esse
1117 3121 1206 3192 ipsias
1217 3119 1351 3175 Gordiani
1367 3119 1492 3175 ostendit

135 3204 238 3262 domat
255 3205 373 3262 Ursinus
392 3209 429 3261 aa
441 3207 530 3262 aaron.
548 3225 575 3279 p.
587 3210 648 3273 222,
663 3212 696 3265 16
710 3209 786 3278 (indo
837 3210 1001 3280 rescriptum
1020 3225 1043 3263 a
1056 3207 1084 3260 d.
1098 3208 1123 3262 Χ
1141 3206 1275 3262 kalendas
1288 3207 1374 3262 Iollas
1388 3207 1490 3262 laetum

135 3293 212 3350 Grut.
239 3295 299 3360 122,
330 3296 371 3359 2;
400 3295 499 3350 Marini
530 3295 586 3349 tab.
615 3297 786 3362 XXXXV1;
838 3295 911 3362 (eod.
932 3297 968 3362 Il,
980 3298 1066 3362 10,2;
1086 3296 1120 3350 ol.
1130 3295 1266 3363 Borghesi
1276 3295 1349 3350 Ball.
1359 3314 1421 3362 παρ.
1431 3315 1457 3352 n.
1467 3315 1488 3350 a.

133 3380 262 3452 inscript.
291 3387 345 3438 ret.
370 3399 438 3438 mus.
465 3381 550 3436 Borb.
580 3382 681 3455 (Neap.
709 3386 787 3453 1857)
837 3384 927 3454 VIIp
953 3385 1008 3452 45).
1043 3385 1142 3454 Itaque
1161 3400 1185 3435 v.
1205 3383 1221 3438 2
1239 3381 1416 3438 scribendum
1436 3384 1490 3438 orit

133 3467 147 3520 I
165 3485 191 3525 n.
212 3470 279 3534 126;
297 3469 413 3524 Fiorelli
425 3471 503 3525 coeat.
517 3472 563 3526 73:
584 3473 619 3528 oi.
633 3472 785 3528 Mommsen
839 3471 882 3526 VI
900 3469 967 3526 Idas
987 3471 1090 3537 Ionios,
1109 3487 1163 3525 non
1182 3471 1325 3540 Angustos,
1343 3475 1375 3523 ut
1387 3486 1488 3540 propo·

132 3554 153 3612 I.
172 3555 210 3612 N.
230 3572 257 3627 p.
275 3556 370 3612 XXII.
836 3559 892 3612 suit
910 3559 1053 3626 Uarinius,
1078 3575 1158 3629 qoem
1186 3557 1214 3612 ia
1242 3557 1380 3628 explendo
1415 3557 1488 3628 frag-

202 3645 333 3700 Pertinet
351 3643 384 3698 ad
404 3646 786 3704 votaenouaetdeoennolis
835 3651 927 3700 manto
947 3651 1058 3702 secutus
1077 3663 1144 3702 som.
1182 3645 1310 3708 Ueterum
1337 3646 1372 3700 el.
1391 3639 1488 3700 oomm.

132 3736 275 3804 suscepta,
299 3737 446 3802 postquam
471 3734 625 3790 Interfectis
658 3735 784 3806 Pupieno
835 3733 870 3788 ad
894 3737 958 3790 aeta
981 3738 1106 3790 votorum
1136 3749 1186 3804 pro
1217 3733 1307 3788 salute
1331 3735 1393 3788 novi
1413 3733 1486 3804 prin·

132 3833 162 3876 et
183 3821 305 3878 Balbino
329 3819 485 3876 Gordianus
518 3822 661 3892 imperium
690 3823 784 3894 auspi·
835 3822 906 3894 cipis
925 3827 1117 3894 susceptorum
1136 3837 1162 3891 p.
1178 3823 1228 3878 106
1240 3837 1299 3892 seq.

131 3914 212 3964 catos
231 3915 288 3965 est:
306 3905 335 3960 id
355 3907 429 3979 qnod
447 3913 511 3963 ante
537 3909 609 3964 diem
628 3911 663 3964 22
680 3909 783 3966 mensis
