3644 5592
765 345 925 403 Emmm
1485 369 1531 416 ‚m

258 523 308 589 10.
356 521 631 588 Commemoratur
653 520 793 603 denique
817 523 972 596 oedila-oe,
995 521 1050 602 qui
1078 541 1148 585 cunr
1176 519 1325 584 kalatore
1352 527 1383 584 et
1398 520 1535 602 publicis

170 626 203 688 in
221 625 292 688 luco
312 625 353 689 ob
370 623 563 708 expiandam
582 623 728 686 arborem
746 622 908 706 piaculum
926 621 1002 686 feeit
1017 623 1049 706 ¹),
1074 629 1180 688 eustos
1207 623 1330 687 scilieet
1345 623 1438 686 aedis
1454 624 1534 687 deae

171 728 270 808 Diae,
295 747 408 791 servus
432 733 508 810 puto
532 725 675 806 collegii,
700 726 754 806 qui
779 745 850 788 eum
872 724 1037 788 kalatores
1059 726 1246 807 plerumque
1269 725 1385 808 primo,
1412 725 1530 806 publici

168 828 312 892 seeundo
335 829 538 892 nominentur
553 827 586 910 '),
610 827 680 909 ipse
703 827 795 891 tertio
819 827 945 891 demum
970 828 1039 890 loco
1063 828 1096 890 in
1119 833 1192 890 acta
1214 827 1360 891 retertur.

261 933 308 996 ll.
354 933 453 996 Sacra
476 931 608 994 fratrum
631 928 811 1010 Arvalium,
835 935 870 991 ut
885 936 1043 993 monstrat
1057 948 1172 993 nornen
1189 949 1298 994 eorum
1315 931 1532 1012 Varronisque

170 1034 337 1098 eoniirmat
359 1033 582 1116 testimonium,
606 1029 649 1094 ad
665 1051 745 1095 arva
760 1031 962 1114 potissimum
979 1031 1183 1114 pertinebant
1198 1039 1229 1095 et
1246 1032 1345 1096 vitam
1362 1039 1531 1112 agrestem.

169 1138 246 1202 Fuit
273 1143 379 1200 autem
409 1155 526 1199 numen
558 1155 667 1199 eorum
691 1135 855 1218 proprium
879 1133 941 1197 dea
963 1134 1036 1216 Dia,
1060 1134 1150 1198 errius
1172 1155 1297 1199 sacrum
1322 1135 1476 1198 sollemne
1500 1137 1531 1198 in

170 1238 243 1302 lueo
275 1247 307 1302 et
329 1237 410 1302 aede
438 1245 528 1301 extra
550 1238 661 1301 urbem
685 1236 755 1299 sitis
778 1255 888 1300 urense
912 1237 997 1300 blaio
1021 1235 1238 1301 celebrabant.
1283 1237 1324 1300 Et
1342 1237 1530 1301 sacrificium

170 1339 301 1421 quidem
325 1339 404 1404 illud
427 1341 500 1424 ipsa
522 1340 623 1404 luisse
647 1337 857 1401 Ambarvalia
879 1337 955 1401 milri
980 1345 1064 1403 certe
1088 1338 1217 1402 omnino
1240 1341 1407 1422 probabile
1428 1349 1477 1405 est
1496 1343 1530 1425 ³),

170 1444 235 1524 dea
257 1449 366 1506 antem
389 1443 453 1505 Dio
478 1461 596 1505 numen
620 1439 760 1503 ereditur
782 1437 883 1502 fuisse
910 1439 1015 1504 simile
1039 1441 1163 1505 Cereris
1186 1440 1323 1506 Ceresue
1345 1442 1426 1526 ipsa,
1448 1465 1531 1524 quae

170 1537 276 1607 aetate
305 1544 481 1627 posteriore
510 1563 567 1627 pro
596 1540 820 1622 antiquissimo
848 1541 951 1605 Marte
980 1542 1191 1607 invocabatur
1221 1543 1253 1606 in
1282 1545 1532 1610 Ambarvalibus
1620 1587 1625 1609 1

154 1653 205 1710 ·et
228 1646 418 1710 lustratione
441 1664 592 1725 agrorum
607 1641 642 1727 ⁴).
677 1643 718 1706 Et
733 1641 793 1706 hoe
808 1642 937 1724 quidem
954 1663 1079 1707 sacrum
1096 1647 1258 1728 peculiare
1276 1647 1336 1710 suit
1348 1647 1530 1732 Arvaliurn3

171 1755 291 1830 cetera,¹
316 1767 399 1830 quae
428 1746 591 1810 faciebant
613 1743 783 1827 sacrificia,
808 1745 989 1809 eonnnunia
1015 1745 1178 1811 lrabebant
1207 1769 1278 1812 euru
1312 1751 1533 1814 sacerdotibus

170 1851 294 1924 ceteris.
339 1851 390 1913 lta
418 1855 565 1912 votorum
589 1847 641 1911 die
669 1853 744 1910 vota
767 1845 930 1911 faciebant
952 1867 1062 1912 annua
1084 1869 1142 1932 pro
1165 1851 1270 1914 salute
1292 1851 1530 1934 imperatorum,

170 1951 213 2016 ad
236 1951 419 2014 Flavianum
443 1957 551 2014 autem
576 1969 677 2030 usque
700 1948 867 2031 imperium
884 1968 978 2012 saera
994 1949 1100 2014 lacere
1117 1951 1265 2016 solebant
1287 1973 1344 2036 pro
1369 1954 1530 2018 natalibus

170 2053 364 2136 principum,
395 2052 436 2114 ob
464 2070 637 2132 eorumque
661 2050 838 2134 imperium,
871 2051 1082 2135 consulatum,
1106 2052 1308 2117 tribuniciam
1331 2063 1530 2140 potestatem,

170 2153 389 2236 pontificatum
427 2153 610 2216 maximum.
657 2151 888 2217 Sacrifieabant
922 2159 1090 2238 praeterea
1124 2155 1164 2220 ob
1200 2175 1316 2219 causas
1349 2157 1531 2238 singulares

170 2255 337 2338 plurimas,
367 2253 408 2318 ob
440 2255 517 2318 itum
545 2253 725 2318 reditumve
747 2260 779 2318 et
801 2255 967 2318 victoriam
992 2255 1149 2339 Caesaris,
1173 2259 1213 2321 ob
1237 2263 1348 2341 partus
1372 2266 1403 2322 et
1424 2261 1530 2322 mutri-

170 2354 1530 2439 mmammmmmmfflmflmhmmmmmmmmnmmfflmmnm

169 2459 266 2522 modo
300 2457 342 2522 ad
376 2458 618 2538 cognoscendas
646 2477 698 2521 res
726 2477 853 2540 sacras,
882 2457 940 2521 sed
968 2459 1011 2522 ad
1038 2459 1262 2526 illustrandam
1296 2463 1393 2526 etiam
1427 2463 1530 2545 ipsam

169 2581 274 2624 rerum
302 2559 479 2624 historiam.
525 2559 631 2622 Lucus
662 2559 800 2640 denique
829 2578 940 2622 eorum
968 2581 1163 2644 quamquam
1190 2565 1321 2649 proprie
1345 2565 1426 2628 eleae
1449 2563 1531 2627 lliae

170 2660 1531 2748 rfflmmemtmmnmmammmameommmmmffpfflmmmmdmm

170 2771 276 2828 utrum
300 2763 343 2829 ibi
366 2763 512 2826 sacraria
535 2764 706 2827 constituta
720 2763 899 2846 peculiaria
921 2764 994 2848 sint,
1019 2785 1089 2829 cum
1112 2765 1154 2830 ad
1178 2787 1253 2830 aras
1275 2769 1469 2850 temporales
1493 2768 1532 2830 iis

170 2867 328 2930 immolari
356 2865 474 2930 soleret
501 2865 556 2948 (es.
585 2884 697 2928 comm.
726 2863 769 2927 ad
799 2865 929 2948 piacula
958 2867 1106 2951 maiora).
1162 2869 1242 2932 Item
1270 2869 1432 2953 principes
1458 2885 1555 2932 corr-0

170 2967 286 3032 secreti
311 2967 499 3031 colebantur
521 2967 554 3030 in
578 2965 747 3031 Caesareo.

259 3069 308 3132 12.
351 3069 434 3134 Acta
463 3068 716 3134 sacerdotiorum
744 3079 893 3136 accurate
920 3072 1099 3156 perscripta
1127 3079 1158 3136 et
1192 3072 1365 3154 diligenter
1398 3081 1527 3137 servata

171 3190 243 3236 esse
271 3190 342 3235 eum
373 3177 640 3236 consentaneum
659 3179 721 3254 est,
746 3179 811 3236 turn
846 3172 1051 3237 confirmatur
1081 3193 1134 3258 eo,
1164 3175 1250 3256 quod
1279 3175 1352 3238 fasti
1385 3177 1530 3240 nonnulli

171 3273 378 3354 collegiorum
407 3274 440 3336 in
466 3293 624 3338 marmore
652 3275 777 3338 exarati
804 3282 976 3358 supersunt
991 3276 1024 3359 ⁵).
1073 3277 1156 3342 Num
1185 3285 1312 3360 praeter
1335 3278 1436 3342 fastos
1459 3285 1532 3342 acta

171 3396 299 3458 quoque
322 3375 393 3458 ipsa
416 3375 611 3456 reliquorum
635 3375 842 3456 collegiorum
865 3377 899 3440 in
921 3397 1079 3443 marmore
1102 3380 1204 3443 ineisa
1227 3379 1299 3462 sint,
1324 3379 1455 3444 dubium
1472 3387 1529 3465 est,

171 3496 229 3542 nee
252 3477 332 3540 satis
355 3476 531 3560 probabile,
557 3497 626 3540 eum
651 3478 759 3540 millae
782 3485 891 3542 extent
913 3479 1069 3544 eiusmodi
1087 3481 1251 3562 reliquiae.
1289 3483 1424 3546 Arvales
1447 3489 1531 3546 certe

170 3578 211 3643 ab
235 3585 341 3644 aetate
365 3577 440 3642 inde
464 3579 614 3642 Caesaris
630 3578 779 3662 Augusti,
797 3601 862 3662 qua
878 3581 1048 3662 collegium
1064 3583 1205 3648 vidimus
1222 3583 1431 3647 instauratum
1450 3605 1530 3666 esse,

170 3687 242 3745 aeta
266 3680 298 3743 in
326 3699 483 3743 marmore
511 3679 676 3743 exaranda
704 3688 910 3764 eur-averunt,
941 3682 1155 3765 incoquere
1179 3685 1224 3748 ita
1246 3685 1366 3748 versati
1389 3693 1471 3768 sunt,
1496 3693 1529 3750 ut

170 3781 369 3866 temporibus
402 3780 530 3862 quidem
564 3783 797 3864 posterioribus
837 3789 910 3846 aeta
947 3783 1167 3850 inciderentur
1207 3807 1271 3850 non
1310 3786 1416 3850 statim
1457 3795 1528 3870 post

172 3883 295 3946 finitum
324 3883 545 3964 magisterium
576 3883 659 3946 ad.
691 3885 768 3947 XVI
796 3883 828 3947 k.
852 3885 1038 3970 Ianuarias,
1062 3887 1119 3951 sed
1142 3894 1216 3972 post
1246 3889 1369 3970 aliquot
1401 3887 1527 3952 denium

171 4005 317 4049 menses:
350 4005 424 4048 uam
453 4005 537 4066 quoe
567 3985 607 4050 ab
637 4005 721 4050 anno
752 3987 827 4050 inde
855 3987 894 4049 81
924 3989 1096 4068 quotannis
1126 3989 1307 4054 referuntur
1333 3990 1461 4072 piacula
1488 3992 1528 4056 ob

175 4085 293 4150 sermm
317 4087 518 4151 inserendum
542 4093 573 4152 et
588 4087 785 4152 efferendum
808 4087 903 4170 faeta,
932 4090 1104 4156 ostendunt
1124 4091 1226 4156 incisa
1243 4097 1316 4156 acta
1332 4111 1404 4156 esse
1420 4112 1528 4158 roeuse

170 4189 359 4272 plerumque
377 4190 479 4273 Aprili
505 4190 556 4254 vel
573 4189 659 4253 Maio
673 4189 707 4271 ⁸).
748 4189 811 4254 Cur
832 4197 937 4255 auteur
960 4199 1034 4274 post
1055 4213 1183 4258 menses
1206 4193 1332 4257 demum
1353 4201 1418 4257 tres
1439 4201 1527 4276 quat-

169 4297 282 4354 tuorve
311 4311 391 4375 opus
419 4290 500 4355 illud
526 4291 701 4376 perfeetum
730 4292 786 4375 sit,
821 4291 1017 4374 ignoramus.
1064 4295 1176 4376 Neque
1206 4303 1312 4359 tauron
1341 4315 1468 4378 semper
1496 4297 1528 4359 id

242 4600 507 4670 bafflpzffl.
946 4599 1528 4669 ‘MlfflfflmimmmdMImt

243 4686 822 4754 mmmmmmmmmww
875 4688 1491 4758 mlwfflwffiwfflpfflmq

172 4771 715 4838 mmmofflmwtaffldffldt
944 4775 1525 4844 bmwmumpmmobmmo

243 4861 1336 4928 ἪΜΜΜΜΜΜΝΜΠΜΜΜΜΜΜΜ

239 4945 398 5018 bula
