3574 5592
718 320 779 376 dios
799 323 945 380 secundus.
1462 327 1503 394 39
1530 282 1531 285 Ἴ

167 499 331 570 argenteae.
370 495 417 554 Da
435 493 481 552 bis
503 493 564 570 egit
582 493 723 554 Marinins
745 515 772 572 p.
787 497 915 574 284seq.
938 503 1165 574 comparentque
1186 514 1238 556 eae
1261 499 1371 574 passim
1391 499 1421 558 in
1445 516 1504 556 mo·

170 589 310 650 sumentis
331 590 497 666 aurigarum
504 589 657 667 ,incernis
678 591 873 666 potissimum,
903 591 1008 666 quibus
1028 591 1168 652 victoriae
1190 608 1288 652 eorum
1311 593 1503 654 celebrantur.

670 1003 696 1058 δ.
723 1018 783 1060 uua
800 1001 824 1060 Ιι
843 1003 901 1060 mbo
918 1003 991 1060 beta

238 1153 332 1218 Ludis
347 1157 490 1220 absolutis
505 1159 611 1221 iratres
632 1159 662 1219 in
683 1161 783 1221 urbam
804 1181 937 1223 reversos
954 1164 984 1222 in
998 1161 1085 1222 domo
1100 1161 1242 1238 magistri,
1256 1161 1303 1220 vel
1316 1162 1415 1222 fratris
1431 1159 1504 1221 alius

162 1251 314 1313 cuiusdam
333 1254 372 1330 (a.
388 1253 458 1328 213)
485 1272 609 1316 cenasse
635 1259 724 1316 antea
743 1257 783 1334 (p.
801 1259 847 1333 19)
867 1257 924 1316 iam
945 1257 1085 1316 diximus:
1115 1258 1197 1316 cuius
1226 1256 1267 1316 rei
1287 1257 1356 1327 licet
1379 1259 1409 1316 in
1431 1259 1505 1318 actis

163 1349 377 1426 antiquioribus
397 1349 513 1409 brevius
535 1352 687 1428 conceptis
708 1353 878 1430 plerumque
900 1353 1018 1412 deficiat
1036 1353 1158 1427 mantio,
1187 1351 1276 1410 nihilo
1296 1354 1506 1412 tamenrninns

160 1464 306 1524 nunquam
328 1462 431 1505 cenam
452 1445 590 1506 omissam
612 1464 677 1506 esse
698 1465 735 1506 ex
756 1447 830 1507 actis
852 1448 982 1524 sequitur
1001 1447 1170 1507 indictionis
1190 1447 1280 1522 sacri,
1306 1447 1411 1523 quibus
1437 1465 1505 1506 con·

160 1548 275 1601 stanter
295 1541 358 1600 dies
378 1540 456 1601 alter
482 1540 512 1600 in
540 1541 607 1600 inco
628 1547 659 1600 et
677 1539 756 1600 domi
775 1543 1028 1634 celebratnsuesse
1049 1542 1181 1603 traditur.
1221 1544 1302 1602 Acta
1322 1548 1419 1600 antem
1439 1559 1505 1600 oon-

159 1641 249 1712 cepta
269 1642 337 1694 sunt
357 1635 414 1695 sio:

158 1747 197 1812 87
213 1747 317 1827 [9091
331 1745 433 1813 DOM.
450 1746 485 1826 o]
510 1745 623 1814 eadem
646 1747 699 1814 die
713 1749 834 1816 Romae
850 1748 944 1815 domo
955 1749 978 1834 ¹)
993 1748 1079 1835 apud
1094 1749 1307 1834 magtistrum)
1323 1749 1408 1812 illum
1422 1747 1507 1815 idern

551 1853 606 1936 qui
627 1852 662 1916 in
683 1852 754 1918 luco
777 1859 929 1919 uenerunt
942 1853 975 1934 ²).

517 1955 534 2021 ¹)
555 1955 635 2010 domo
654 1975 704 2010 cnr.
722 1956 812 2012 DOM,
828 1955 858 2011 G.

510 2025 531 2092 ²)
550 2027 591 2080 Ec
609 2031 676 2082 cetis
694 2047 718 2081 a.
733 2030 767 2082 90
784 2047 838 2080 uon
855 2037 999 2098 supersunt
1016 2029 1071 2081 niet
1088 2029 1166 2082 daec:
1182 2066 1187 2078 .
1203 2067 1209 2080 .
1226 2067 1231 2078 .
1247 2067 1254 2082 .
1268 2029 1314 2099 qui
1334 2027 1361 2083 in
1380 2028 1442 2083 luco
1462 2044 1505 2083 ca·

561 2103 677 2164 narnnt;
697 2129 728 2139 -
746 2117 778 2152 es
796 2101 862 2152 actia
883 2117 910 2153 c.
924 2101 971 2154 91:
989 2137 1126 2155 .......
1141 2105 1211 2154 trum
1230 2101 1307 2153 illam
1323 2139 1438 2154 ......

512 2184 629 2252 deinde
650 2188 770 2252 Romae
794 2187 828 2251 in
855 2185 949 2252 domo
975 2189 1059 2252 tilius
1075 2187 1098 2270 ¹)
1127 2187 1359 2254 discumbentes
1386 2194 1455 2254 ture
1477 2193 1508 2253 et

551 2290 625 2356 vino
648 2289 799 2374 iecerunt
822 2290 1073 2357 ministrantibus
1094 2291 1202 2375 pueris
1223 2291 1376 2357 matrimis
1399 2295 1431 2356 et
1454 2311 1508 2376 pa-

551 2393 653 2458 trimis
676 2393 790 2477 quibus
811 2412 909 2478 supra
924 2394 957 2478 ¹).

514 2497 533 2558 ¹)
552 2514 587 2551 ss.
606 2497 650 2549 dis
662 2499 768 2564 primm
786 2516 850 2550 nam
867 2499 896 2550 in
915 2499 973 2551 luco
985 2516 1039 2550 uon
1052 2498 1172 2568 adfuisse
1185 2517 1283 2568 pucros
1295 2510 1375 2554 antec
1385 2500 1507 2554 vidintur.

515 2582 631 2648 deinde
653 2586 804 2668 peraet[is
826 2580 1031 2670 circensibus
1047 2583 1069 2665 ¹)
1091 2586 1211 2652 Romae
1234 2584 1400 2674 [rerers‘ili
1422 2592 1454 2653 et
1474 2587 1509 2650 iu

554 2684 651 2750 domu
685 2691 781 2768 [iltius
812 2688 957 2772 magistri
984 2689 1158 2769 cenatoria]
1188 2690 1264 2755 alba
1290 2689 1508 2775 acceper(unt)

552 2795 584 2855 et
607 2789 852 2870 [discumbentes
874 2791 1027 2858 toralibus
1049 2795 1255 2874 segmentatis
1277 2789 1358 2879 ture]
1381 2799 1413 2859 et
1433 2793 1507 2857 vino

552 2892 720 2980 secedunt,
748 2895 999 2962 ministrantibus
1035 2896 1153 2981 pueris]
1182 2896 1356 2982 patrim(is)
1386 2901 1418 2961 et
1445 2915 1509 2960 mu·

556 2997 671 3076 tirimis
687 3006 869 3065 sanatorum
895 2999 957 3065 filis
983 2999 1107 3084 quibus]
1132 3017 1243 3085 supra,
1278 3005 1310 3064 et
1342 2997 1509 3078 sacrific[io

552 3107 682 3184 peracto
709 3109 872 3187 unguenta
903 3109 934 3170 et
956 3100 1100 3190 corones]
1124 3101 1341 3187 acceperunt)
1364 3107 1396 3168 et
1424 3121 1509 3166 man-

552 3205 637 3284 tel[is
669 3205 832 3290 pulmenta
869 3225 977 3272 rursus
1009 3203 1249 3292 con]tiger(unt)
1282 3211 1313 3270 et
1351 3205 1510 3291 sportulas

554 3308 684 3391 sing[uli
707 3315 896 3394 acceperuut
918 3307 1067 3374 denarios
1090 3311 1266 3393 centenosi,
1292 3327 1434 3375 mensam
1463 3327 1510 3373 se-

556 3407 704 3497 cun[dam
725 3411 929 3478 beliariorum
963 3411 1140 3478 divisenmt
1162 3413 1207 3491 elt
1236 3431 1343 3478 rosam
1375 3413 1510 3480 solutam

519 3565 521 3570 ,
555 3518 759 3600 acceperunt
779 3515 886 3600 ibique
908 3514 1016 3581 felicia
1030 3512 1187 3602 dixerunt]
1198 3513 1234 3602 ²).

513 3619 532 3678 ¹)
552 3619 761 3688 supplementum
778 3620 907 3671 incertum
925 3631 972 3674 eet.

512 3687 533 3758 ¹)
552 3691 665 3755 restitui,
683 3700 713 3743 ut
726 3691 812 3758 poturi,
831 3689 935 3744 collatis
954 3691 1021 3746 actis
1039 3691 1142 3745 dierum
1156 3692 1240 3758 primi
1258 3709 1289 3744 oc
1308 3691 1388 3745 tertii.

239 3792 286 3854 De
307 3792 430 3870 siugulis
451 3811 549 3870 pauca
567 3793 706 3854 addenda
726 3800 801 3854 sunt.
842 3793 971 3854 Verbum
992 3795 1156 3872 peragendi
1176 3796 1256 3873 quod
1276 3797 1359 3856 initio
1379 3801 1510 3854 actorum

163 3909 190 3950 a.
206 3891 263 3948 218
285 3895 427 3966 superest,
449 3887 486 3947 ad
506 3887 592 3948 ludos
614 3889 719 3965 rettuli,
740 3895 840 3966 potest
859 3897 957 3950 tamen
971 3891 1032 3949 fieri
1046 3895 1079 3950 ut
1098 3892 1136 3950 ad
1157 3899 1249 3952 toturn
1271 3907 1386 3952 sacrum
1401 3890 1430 3947 in
1444 3890 1510 3946 luco

165 3985 276 4045 iactum
296 3985 451 4062 pertineat.
473 4016 510 4028 —
531 3982 687 4061 Sportulas
713 3983 897 4044 denariorum
923 3992 1110 4046 centenorum
1130 3986 1158 4044 iu
1179 3985 1282 4046 iisdem
1303 3986 1376 4046 actis
1397 3982 1510 4044 restitui

168 4097 207 4140 ex
227 4081 302 4141 actis
324 4079 381 4139 diei
401 4079 489 4155 tertii,
509 4079 558 4139 ubi
579 4078 644 4138 ride
666 4079 705 4155 (p.
726 4081 773 4158 45,
795 4080 832 4141 cf.
854 4098 881 4157 p.
904 4080 961 4156 16).

636 4303 1051 4317 Ἥ

677 4503 708 4570 4.
753 4503 997 4574 Praesentes.

242 4674 369 4740 Nomina
387 4697 501 4758 eorum,
528 4680 578 4758 qni
602 4679 773 4755 adfuerunt,
799 4697 858 4740 non
884 4695 999 4758 semper
1023 4675 1125 4739 eodem
1149 4676 1237 4736 modo
1261 4677 1432 4737 referuntur.
1474 4671 1511 4734 In

167 4775 241 4834 actis
261 4776 336 4834 cuim
356 4775 505 4854 plerisque
526 4775 670 4835 adfinem
690 4775 887 4835 adnectuntur
905 4775 1096 4854 praescriptis
1116 4773 1213 4834 verbis
1235 4772 1329 4834 hisce:

166 4885 207 4950 38
217 4885 261 4953 40
271 4883 345 4973 [183
356 4885 498 4975 186]213
514 4887 686 4954 adiuenmt
707 4889 754 4952 stri
769 4886 800 4961 ¹).

516 4994 535 5060 ¹)
554 4993 612 5046 solo
629 4991 740 5045 nomino
757 5001 899 5062 supernatet
920 4993 969 5047 183
987 4993 1046 5048 186.
