<?xml version="1.0" encoding="UTF-8"?>
<!DOCTYPE html PUBLIC "-//W3C//DTD XHTML 1.0 Transitional//EN"
    "http://www.w3.org/TR/xhtml1/DTD/xhtml1-transitional.dtd">
<html xmlns="http://www.w3.org/1999/xhtml" xml:lang="en" lang="en">
 <head>
  <title>
</title>
<meta http-equiv="Content-Type" content="text/html;charset=utf-8" />
  <meta name='ocr-system' content='tesseract 3.04.00' />
  <meta name='ocr-capabilities' content='ocr_page ocr_carea ocr_par ocr_line ocrx_word'/>
</head>
<body>
  <div class='ocr_page' id='page_1' title='image "./actafratrumarva01henzgoog_0038.png"; bbox 0 0 3644 5592; ppageno 0'>
   <div class='ocr_carea' id='block_1_1' title="bbox 757 287 1506 354">
    <p class='ocr_par' dir='ltr' id='par_1_1' title="bbox 757 287 1506 354">
     <span class='ocr_line' id='line_1_1' title="bbox 757 287 1506 354; baseline 0.012 -10"><span class='ocrx_word' id='word_1_1' title='bbox 757 287 915 344; x_wconf 78' lang='lat' dir='ltr'><strong>Exordium.</strong></span> <span class='ocrx_word' id='word_1_2' title='bbox 1440 311 1506 354; x_wconf 87' lang='lat' dir='ltr'><strong>xvrr</strong></span> 
     </span>
    </p>
   </div>
   <div class='ocr_carea' id='block_1_2' title="bbox 89 460 1507 4859">
    <p class='ocr_par' dir='ltr' id='par_1_2' title="bbox 89 460 1507 4859">
     <span class='ocr_line' id='line_1_2' title="bbox 156 460 1506 548; baseline 0.001 -21"><span class='ocrx_word' id='word_1_3' title='bbox 156 461 268 528; x_wconf 84' lang='lat' dir='ltr'><strong>TRlCi</strong></span> <span class='ocrx_word' id='word_1_4' title='bbox 298 460 438 526; x_wconf 90' lang='lat' dir='ltr'><strong>dicatum</strong></span> <span class='ocrx_word' id='word_1_5' title='bbox 464 460 676 544; x_wconf 77' lang='lat' dir='ltr'><strong>fragmentum</strong></span> <span class='ocrx_word' id='word_1_6' title='bbox 705 461 844 527; x_wconf 78' lang='lat' dir='ltr'>ostendit</span> <span class='ocrx_word' id='word_1_7' title='bbox 871 462 1086 548; x_wconf 79' lang='lat' dir='ltr'>inscriptionis</span> <span class='ocrx_word' id='word_1_8' title='bbox 1114 465 1225 530; x_wconf 85' lang='lat' dir='ltr'><strong>litteris</strong></span> <span class='ocrx_word' id='word_1_9' title='bbox 1247 463 1450 530; x_wconf 87' lang='lat' dir='ltr'><strong>Damasianis</strong></span> <span class='ocrx_word' id='word_1_10' title='bbox 1473 465 1506 528; x_wconf 93' lang='lat' dir='ltr'><strong>in</strong></span> 
     </span>
     <span class='ocr_line' id='line_1_3' title="bbox 158 564 1507 652; baseline 0.001 -22"><span class='ocrx_word' id='word_1_11' title='bbox 158 564 313 650; x_wconf 88' lang='lat' dir='ltr'><strong>epistylio</strong></span> <span class='ocrx_word' id='word_1_12' title='bbox 341 583 518 628; x_wconf 88' lang='lat' dir='ltr'><strong>marmoreo</strong></span> <span class='ocrx_word' id='word_1_13' title='bbox 545 569 705 628; x_wconf 76' lang='lat' dir='ltr'><strong>exaratae.</strong></span> <span class='ocrx_word' id='word_1_14' title='bbox 749 565 861 648; x_wconf 82' lang='lat' dir='ltr'>Neque</span> <span class='ocrx_word' id='word_1_15' title='bbox 888 567 933 630; x_wconf 89' lang='lat' dir='ltr'><strong>ita</strong></span> <span class='ocrx_word' id='word_1_16' title='bbox 954 569 1052 632; x_wconf 90' lang='lat' dir='ltr'><strong>multo</strong></span> <span class='ocrx_word' id='word_1_17' title='bbox 1075 573 1147 652; x_wconf 90' lang='lat' dir='ltr'><strong>post</strong></span> <span class='ocrx_word' id='word_1_18' title='bbox 1168 568 1248 632; x_wconf 91' lang='lat' dir='ltr'><strong>muri</strong></span> <span class='ocrx_word' id='word_1_19' title='bbox 1271 567 1303 632; x_wconf 92' lang='lat' dir='ltr'><strong>in</strong></span> <span class='ocrx_word' id='word_1_20' title='bbox 1332 568 1432 632; x_wconf 90' lang='lat' dir='ltr'><strong>lucem</strong></span> <span class='ocrx_word' id='word_1_21' title='bbox 1455 589 1507 632; x_wconf 90' lang='lat' dir='ltr'><strong>ve-</strong></span> 
     </span>
     <span class='ocr_line' id='line_1_4' title="bbox 156 665 1506 751; baseline 0.001 -19"><span class='ocrx_word' id='word_1_22' title='bbox 156 673 274 732; x_wconf 90' lang='lat' dir='ltr'><strong>nerunt</strong></span> <span class='ocrx_word' id='word_1_23' title='bbox 297 672 328 732; x_wconf 91' lang='lat' dir='ltr'><strong>et</strong></span> <span class='ocrx_word' id='word_1_24' title='bbox 349 665 469 748; x_wconf 77' lang='lat' dir='ltr'><strong>gratim</strong></span> <span class='ocrx_word' id='word_1_25' title='bbox 492 665 637 751; x_wconf 87' lang='lat' dir='ltr'><strong>aedilicii,</strong></span> <span class='ocrx_word' id='word_1_26' title='bbox 662 666 747 749; x_wconf 92' lang='lat' dir='ltr'><strong>qued</strong></span> <span class='ocrx_word' id='word_1_27' title='bbox 770 688 866 751; x_wconf 90' lang='lat' dir='ltr'><strong>opere</strong></span> <span class='ocrx_word' id='word_1_28' title='bbox 887 670 1013 735; x_wconf 87' lang='lat' dir='ltr'><strong>musivo</strong></span> <span class='ocrx_word' id='word_1_29' title='bbox 1036 670 1218 735; x_wconf 86' lang='lat' dir='ltr'><strong>decoratum</strong></span> <span class='ocrx_word' id='word_1_30' title='bbox 1242 671 1341 736; x_wconf 88' lang='lat' dir='ltr'><strong>fuisse</strong></span> <span class='ocrx_word' id='word_1_31' title='bbox 1357 671 1506 735; x_wconf 88' lang='lat' dir='ltr'><strong>tessellae</strong></span> 
     </span>
     <span class='ocr_line' id='line_1_5' title="bbox 156 769 1506 856; baseline 0.002 -23"><span class='ocrx_word' id='word_1_32' title='bbox 156 769 343 834; x_wconf 86' lang='lat' dir='ltr'><strong>indicarunt</strong></span> <span class='ocrx_word' id='word_1_33' title='bbox 371 769 492 834; x_wconf 82' lang='lat' dir='ltr'><strong>vitreae</strong></span> <span class='ocrx_word' id='word_1_34' title='bbox 518 789 668 855; x_wconf 76' lang='lat' dir='ltr'><strong>sparsae,</strong></span> <span class='ocrx_word' id='word_1_35' title='bbox 700 770 759 834; x_wconf 91' lang='lat' dir='ltr'><strong>sub</strong></span> <span class='ocrx_word' id='word_1_36' title='bbox 789 771 973 855; x_wconf 89' lang='lat' dir='ltr'><strong>pavimento</strong></span> <span class='ocrx_word' id='word_1_37' title='bbox 1000 779 1105 851; x_wconf 87' lang='lat' dir='ltr'><strong>autem</strong></span> <span class='ocrx_word' id='word_1_38' title='bbox 1133 775 1203 839; x_wconf 92' lang='lat' dir='ltr'><strong>eius</strong></span> <span class='ocrx_word' id='word_1_39' title='bbox 1232 793 1390 856; x_wconf 87' lang='lat' dir='ltr'><strong>arcaeque</strong></span> <span class='ocrx_word' id='word_1_40' title='bbox 1420 771 1506 836; x_wconf 81' lang='lat' dir='ltr'><strong>haurd</strong></span> 
     </span>
     <span class='ocr_line' id='line_1_6' title="bbox 159 871 1506 958; baseline 0 -20"><span class='ocrx_word' id='word_1_41' title='bbox 159 893 267 958; x_wconf 88' lang='lat' dir='ltr'><strong>pauca</strong></span> <span class='ocrx_word' id='word_1_42' title='bbox 287 878 415 957; x_wconf 89' lang='lat' dir='ltr'><strong>reperta</strong></span> <span class='ocrx_word' id='word_1_43' title='bbox 437 877 511 937; x_wconf 90' lang='lat' dir='ltr'><strong>sunt</strong></span> <span class='ocrx_word' id='word_1_44' title='bbox 532 873 682 958; x_wconf 87' lang='lat' dir='ltr'><strong>sepulcra</strong></span> <span class='ocrx_word' id='word_1_45' title='bbox 703 871 856 957; x_wconf 89' lang='lat' dir='ltr'><strong>inscripta</strong></span> <span class='ocrx_word' id='word_1_46' title='bbox 877 874 987 956; x_wconf 89' lang='lat' dir='ltr'><strong>titulis,</strong></span> <span class='ocrx_word' id='word_1_47' title='bbox 1011 895 1091 957; x_wconf 90' lang='lat' dir='ltr'><strong>ques</strong></span> <span class='ocrx_word' id='word_1_48' title='bbox 1113 876 1217 942; x_wconf 86' lang='lat' dir='ltr'><strong>forma</strong></span> <span class='ocrx_word' id='word_1_49' title='bbox 1238 877 1412 940; x_wconf 89' lang='lat' dir='ltr'><strong>litterarum</strong></span> <span class='ocrx_word' id='word_1_50' title='bbox 1434 896 1506 938; x_wconf 90' lang='lat' dir='ltr'><strong>con-</strong></span> 
     </span>
     <span class='ocr_line' id='line_1_7' title="bbox 156 973 1505 1059; baseline 0.001 -19"><span class='ocrx_word' id='word_1_51' title='bbox 156 977 308 1040; x_wconf 90' lang='lat' dir='ltr'><strong>sulumve</strong></span> <span class='ocrx_word' id='word_1_52' title='bbox 329 975 459 1040; x_wconf 88' lang='lat' dir='ltr'><strong>nomina</strong></span> <span class='ocrx_word' id='word_1_53' title='bbox 480 981 592 1059; x_wconf 89' lang='lat' dir='ltr'><strong>quarto</strong></span> <span class='ocrx_word' id='word_1_54' title='bbox 616 994 711 1039; x_wconf 89' lang='lat' dir='ltr'><strong>aerae</strong></span> <span class='ocrx_word' id='word_1_55' title='bbox 733 973 925 1042; x_wconf 86' lang='lat' dir='ltr'><strong>christianae</strong></span> <span class='ocrx_word' id='word_1_56' title='bbox 946 978 1073 1042; x_wconf 90' lang='lat' dir='ltr'><strong>saeculo</strong></span> <span class='ocrx_word' id='word_1_57' title='bbox 1102 978 1287 1044; x_wconf 89' lang='lat' dir='ltr'><strong>tribuendos</strong></span> <span class='ocrx_word' id='word_1_58' title='bbox 1314 997 1385 1043; x_wconf 89' lang='lat' dir='ltr'><strong>esse</strong></span> <span class='ocrx_word' id='word_1_59' title='bbox 1412 977 1505 1042; x_wconf 85' lang='lat' dir='ltr'><strong>damr-</strong></span> 
     </span>
     <span class='ocr_line' id='line_1_8' title="bbox 155 1075 1506 1160; baseline 0.001 -18"><span class='ocrx_word' id='word_1_60' title='bbox 155 1084 261 1143; x_wconf 91' lang='lat' dir='ltr'><strong>erunt.</strong></span> <span class='ocrx_word' id='word_1_61' title='bbox 305 1077 345 1140; x_wconf 81' lang='lat' dir='ltr'><strong>llt</strong></span> <span class='ocrx_word' id='word_1_62' title='bbox 372 1075 430 1142; x_wconf 89' lang='lat' dir='ltr'><strong>hos</strong></span> <span class='ocrx_word' id='word_1_63' title='bbox 459 1075 588 1160; x_wconf 92' lang='lat' dir='ltr'><strong>quidem</strong></span> <span class='ocrx_word' id='word_1_64' title='bbox 617 1084 690 1143; x_wconf 92' lang='lat' dir='ltr'><strong>ante</strong></span> <span class='ocrx_word' id='word_1_65' title='bbox 717 1077 877 1144; x_wconf 84' lang='lat' dir='ltr'><strong>destructa</strong></span> <span class='ocrx_word' id='word_1_66' title='bbox 903 1079 1066 1144; x_wconf 81' lang='lat' dir='ltr'><strong>Arvalium</strong></span> <span class='ocrx_word' id='word_1_67' title='bbox 1093 1083 1236 1146; x_wconf 88' lang='lat' dir='ltr'><strong>sacraria</strong></span> <span class='ocrx_word' id='word_1_68' title='bbox 1264 1087 1412 1146; x_wconf 89' lang='lat' dir='ltr'><strong>exaratos</strong></span> <span class='ocrx_word' id='word_1_69' title='bbox 1435 1099 1506 1144; x_wconf 88' lang='lat' dir='ltr'><strong>csse</strong></span> 
     </span>
     <span class='ocr_line' id='line_1_9' title="bbox 155 1177 1506 1266; baseline 0.001 -22"><span class='ocrx_word' id='word_1_70' title='bbox 155 1179 237 1246; x_wconf 90' lang='lat' dir='ltr'><strong>inde</strong></span> <span class='ocrx_word' id='word_1_71' title='bbox 266 1177 458 1264; x_wconf 79' lang='lat' dir='ltr'><strong>apparebat,</strong></span> <span class='ocrx_word' id='word_1_72' title='bbox 487 1179 574 1262; x_wconf 90' lang='lat' dir='ltr'><strong>quod</strong></span> <span class='ocrx_word' id='word_1_73' title='bbox 601 1180 635 1244; x_wconf 92' lang='lat' dir='ltr'><strong>in</strong></span> <span class='ocrx_word' id='word_1_74' title='bbox 661 1180 782 1246; x_wconf 88' lang='lat' dir='ltr'><strong>aversis</strong></span> <span class='ocrx_word' id='word_1_75' title='bbox 809 1182 927 1246; x_wconf 87' lang='lat' dir='ltr'><strong>tabulis</strong></span> <span class='ocrx_word' id='word_1_76' title='bbox 954 1181 1043 1246; x_wconf 90' lang='lat' dir='ltr'><strong>nulla</strong></span> <span class='ocrx_word' id='word_1_77' title='bbox 1068 1183 1232 1248; x_wconf 84' lang='lat' dir='ltr'><strong>Arvalium</strong></span> <span class='ocrx_word' id='word_1_78' title='bbox 1253 1189 1332 1250; x_wconf 88' lang='lat' dir='ltr'><strong>acta</strong></span> <span class='ocrx_word' id='word_1_79' title='bbox 1353 1181 1506 1266; x_wconf 88' lang='lat' dir='ltr'><strong>inscripta</strong></span> 
     </span>
     <span class='ocr_line' id='line_1_10' title="bbox 156 1280 1505 1370; baseline 0.003 -24"><span class='ocrx_word' id='word_1_80' title='bbox 156 1289 243 1348; x_wconf 91' lang='lat' dir='ltr'><strong>sunt.</strong></span> <span class='ocrx_word' id='word_1_81' title='bbox 287 1280 436 1347; x_wconf 84' lang='lat' dir='ltr'><strong>Proxime</strong></span> <span class='ocrx_word' id='word_1_82' title='bbox 464 1289 570 1347; x_wconf 89' lang='lat' dir='ltr'><strong>autem</strong></span> <span class='ocrx_word' id='word_1_83' title='bbox 598 1284 769 1349; x_wconf 87' lang='lat' dir='ltr'><strong>oratorium</strong></span> <span class='ocrx_word' id='word_1_84' title='bbox 798 1284 1025 1350; x_wconf 89' lang='lat' dir='ltr'><strong>Damasianum</strong></span> <span class='ocrx_word' id='word_1_85' title='bbox 1053 1291 1146 1370; x_wconf 88' lang='lat' dir='ltr'><strong>porta</strong></span> <span class='ocrx_word' id='word_1_86' title='bbox 1171 1285 1341 1350; x_wconf 84' lang='lat' dir='ltr'><strong>eruderate</strong></span> <span class='ocrx_word' id='word_1_87' title='bbox 1367 1291 1415 1350; x_wconf 89' lang='lat' dir='ltr'><strong>est</strong></span> <span class='ocrx_word' id='word_1_88' title='bbox 1437 1303 1505 1350; x_wconf 91' lang='lat' dir='ltr'><strong>coe-</strong></span> 
     </span>
     <span class='ocr_line' id='line_1_11' title="bbox 158 1383 1506 1472; baseline 0.001 -22"><span class='ocrx_word' id='word_1_89' title='bbox 158 1384 284 1450; x_wconf 89' lang='lat' dir='ltr'><strong>meterii</strong></span> <span class='ocrx_word' id='word_1_90' title='bbox 306 1383 515 1468; x_wconf 86' lang='lat' dir='ltr'><strong>subterranei,</strong></span> <span class='ocrx_word' id='word_1_91' title='bbox 539 1385 572 1450; x_wconf 89' lang='lat' dir='ltr'><strong>in</strong></span> <span class='ocrx_word' id='word_1_92' title='bbox 593 1385 728 1470; x_wconf 90' lang='lat' dir='ltr'><strong>ipsoque</strong></span> <span class='ocrx_word' id='word_1_93' title='bbox 750 1384 843 1451; x_wconf 89' lang='lat' dir='ltr'><strong>huius</strong></span> <span class='ocrx_word' id='word_1_94' title='bbox 866 1385 1021 1453; x_wconf 85' lang='lat' dir='ltr'><strong>descensu</strong></span> <span class='ocrx_word' id='word_1_95' title='bbox 1043 1389 1076 1452; x_wconf 93' lang='lat' dir='ltr'><strong>in</strong></span> <span class='ocrx_word' id='word_1_96' title='bbox 1099 1387 1221 1472; x_wconf 90' lang='lat' dir='ltr'><strong>pariete</strong></span> <span class='ocrx_word' id='word_1_97' title='bbox 1243 1387 1353 1453; x_wconf 87' lang='lat' dir='ltr'><strong>dextro</strong></span> <span class='ocrx_word' id='word_1_98' title='bbox 1369 1388 1506 1469; x_wconf 84' lang='lat' dir='ltr'><strong>vestigia</strong></span> 
     </span>
     <span class='ocr_line' id='line_1_12' title="bbox 156 1483 1505 1580; baseline 0.002 -27"><span class='ocrx_word' id='word_1_99' title='bbox 156 1493 287 1572; x_wconf 86' lang='lat' dir='ltr'><strong>reperta</strong></span> <span class='ocrx_word' id='word_1_100' title='bbox 301 1493 374 1552; x_wconf 86' lang='lat' dir='ltr'><strong>sunt</strong></span> <span class='ocrx_word' id='word_1_101' title='bbox 389 1495 694 1572; x_wconf 81' lang='lat' dir='ltr'><strong>monogrammatum</strong></span> <span class='ocrx_word' id='word_1_102' title='bbox 710 1488 951 1554; x_wconf 91' lang='lat' dir='ltr'><strong>christianorum</strong></span> <span class='ocrx_word' id='word_1_103' title='bbox 967 1491 1071 1556; x_wconf 82' lang='lat' dir='ltr'><strong>forma</strong></span> <span class='ocrx_word' id='word_1_104' title='bbox 1086 1490 1159 1556; x_wconf 92' lang='lat' dir='ltr'><strong>hac:</strong></span> <span class='ocrx_word' id='word_1_105' title='bbox 1187 1483 1243 1580; x_wconf 51' lang='lat' dir='ltr'><strong>AR,</strong></span> <span class='ocrx_word' id='word_1_106' title='bbox 1262 1491 1337 1556; x_wconf 89' lang='lat' dir='ltr'><strong>item</strong></span> <span class='ocrx_word' id='word_1_107' title='bbox 1358 1490 1505 1556; x_wconf 89' lang='lat' dir='ltr'><strong>columba</strong></span> 
     </span>
     <span class='ocr_line' id='line_1_13' title="bbox 157 1590 1504 1680; baseline 0.001 -24"><span class='ocrx_word' id='word_1_108' title='bbox 157 1590 373 1656; x_wconf 73' lang='lat' dir='ltr'><strong>ramusculum</strong></span> <span class='ocrx_word' id='word_1_109' title='bbox 396 1609 451 1656; x_wconf 92' lang='lat' dir='ltr'><strong>ore</strong></span> <span class='ocrx_word' id='word_1_110' title='bbox 472 1610 599 1674; x_wconf 83' lang='lat' dir='ltr'><strong>gerens.</strong></span> <span class='ocrx_word' id='word_1_111' title='bbox 621 1593 658 1656; x_wconf 93' lang='lat' dir='ltr'><strong>ln</strong></span> <span class='ocrx_word' id='word_1_112' title='bbox 681 1591 784 1676; x_wconf 91' lang='lat' dir='ltr'><strong>prima</strong></span> <span class='ocrx_word' id='word_1_113' title='bbox 806 1612 882 1658; x_wconf 91' lang='lat' dir='ltr'><strong>vero</strong></span> <span class='ocrx_word' id='word_1_114' title='bbox 906 1599 1019 1678; x_wconf 86' lang='lat' dir='ltr'><strong>crypta</strong></span> <span class='ocrx_word' id='word_1_115' title='bbox 1040 1593 1072 1657; x_wconf 94' lang='lat' dir='ltr'><strong>in</strong></span> <span class='ocrx_word' id='word_1_116' title='bbox 1093 1595 1219 1677; x_wconf 89' lang='lat' dir='ltr'><strong>pariete</strong></span> <span class='ocrx_word' id='word_1_117' title='bbox 1237 1599 1366 1658; x_wconf 89' lang='lat' dir='ltr'><strong>externo</strong></span> <span class='ocrx_word' id='word_1_118' title='bbox 1381 1594 1504 1680; x_wconf 88' lang='lat' dir='ltr'><strong>apsidis</strong></span> 
     </span>
     <span class='ocr_line' id='line_1_14' title="bbox 158 1692 1504 1780; baseline 0.001 -20"><span class='ocrx_word' id='word_1_119' title='bbox 158 1693 324 1761; x_wconf 85' lang='lat' dir='ltr'><strong>cuiusdam</strong></span> <span class='ocrx_word' id='word_1_120' title='bbox 347 1692 584 1758; x_wconf 89' lang='lat' dir='ltr'><strong>semirotundae</strong></span> <span class='ocrx_word' id='word_1_121' title='bbox 605 1699 715 1778; x_wconf 90' lang='lat' dir='ltr'><strong>pastor</strong></span> <span class='ocrx_word' id='word_1_122' title='bbox 737 1695 839 1760; x_wconf 85' lang='lat' dir='ltr'><strong>bonus</strong></span> <span class='ocrx_word' id='word_1_123' title='bbox 865 1696 980 1761; x_wconf 90' lang='lat' dir='ltr'><strong>visitur</strong></span> <span class='ocrx_word' id='word_1_124' title='bbox 1002 1696 1164 1780; x_wconf 84' lang='lat' dir='ltr'><strong>syringem</strong></span> <span class='ocrx_word' id='word_1_125' title='bbox 1187 1695 1302 1780; x_wconf 92' lang='lat' dir='ltr'><strong>pecudi</strong></span> <span class='ocrx_word' id='word_1_126' title='bbox 1325 1704 1504 1762; x_wconf 85' lang='lat' dir='ltr'><strong>urcnstrana</strong></span> 
     </span>
     <span class='ocr_line' id='line_1_15' title="bbox 157 1795 1503 1884; baseline 0 -20"><span class='ocrx_word' id='word_1_127' title='bbox 157 1800 329 1884; x_wconf 89' lang='lat' dir='ltr'><strong>tunicaque</strong></span> <span class='ocrx_word' id='word_1_128' title='bbox 345 1795 479 1860; x_wconf 89' lang='lat' dir='ltr'><strong>vestitus</strong></span> <span class='ocrx_word' id='word_1_129' title='bbox 496 1797 641 1862; x_wconf 91' lang='lat' dir='ltr'><strong>crucibus</strong></span> <span class='ocrx_word' id='word_1_130' title='bbox 658 1817 741 1880; x_wconf 89' lang='lat' dir='ltr'><strong>quae</strong></span> <span class='ocrx_word' id='word_1_131' title='bbox 757 1797 903 1863; x_wconf 90' lang='lat' dir='ltr'><strong>dicuntur</strong></span> <span class='ocrx_word' id='word_1_132' title='bbox 918 1799 1087 1881; x_wconf 85' lang='lat' dir='ltr'><strong>gemmatis</strong></span> <span class='ocrx_word' id='word_1_133' title='bbox 1110 1799 1239 1882; x_wconf 81' lang='lat' dir='ltr'><strong>insigni,</strong></span> <span class='ocrx_word' id='word_1_134' title='bbox 1263 1805 1338 1865; x_wconf 91' lang='lat' dir='ltr'><strong>ante</strong></span> <span class='ocrx_word' id='word_1_135' title='bbox 1359 1799 1503 1884; x_wconf 88' lang='lat' dir='ltr'><strong>apsidem</strong></span> 
     </span>
     <span class='ocr_line' id='line_1_16' title="bbox 162 1899 1503 1986; baseline 0 -20"><span class='ocrx_word' id='word_1_136' title='bbox 162 1909 266 1966; x_wconf 71' lang='lat' dir='ltr'><strong>alutem</strong></span> <span class='ocrx_word' id='word_1_137' title='bbox 296 1899 330 1964; x_wconf 91' lang='lat' dir='ltr'><strong>in</strong></span> <span class='ocrx_word' id='word_1_138' title='bbox 357 1899 538 1984; x_wconf 88' lang='lat' dir='ltr'><strong>pavimento</strong></span> <span class='ocrx_word' id='word_1_139' title='bbox 566 1899 685 1965; x_wconf 85' lang='lat' dir='ltr'><strong>lamina</strong></span> <span class='ocrx_word' id='word_1_140' title='bbox 712 1908 781 1966; x_wconf 91' lang='lat' dir='ltr'><strong>erat</strong></span> <span class='ocrx_word' id='word_1_141' title='bbox 805 1921 926 1984; x_wconf 79' lang='lat' dir='ltr'><strong>magna</strong></span> <span class='ocrx_word' id='word_1_142' title='bbox 954 1920 1135 1966; x_wconf 89' lang='lat' dir='ltr'><strong>marmorea</strong></span> <span class='ocrx_word' id='word_1_143' title='bbox 1155 1901 1268 1966; x_wconf 88' lang='lat' dir='ltr'><strong>litteris</strong></span> <span class='ocrx_word' id='word_1_144' title='bbox 1290 1901 1436 1986; x_wconf 85' lang='lat' dir='ltr'><strong>pessimis</strong></span> <span class='ocrx_word' id='word_1_145' title='bbox 1458 1903 1503 1966; x_wconf 93' lang='lat' dir='ltr'><strong>in-</strong></span> 
     </span>
     <span class='ocr_line' id='line_1_17' title="bbox 161 1999 1504 2088; baseline 0.001 -22"><span class='ocrx_word' id='word_1_146' title='bbox 161 2003 366 2088; x_wconf 87' lang='lat' dir='ltr'><strong>scriptionem</strong></span> <span class='ocrx_word' id='word_1_147' title='bbox 395 1999 547 2068; x_wconf 82' lang='lat' dir='ltr'><strong>exhibens</strong></span> <span class='ocrx_word' id='word_1_148' title='bbox 574 2023 658 2066; x_wconf 89' lang='lat' dir='ltr'><strong>annn</strong></span> <span class='ocrx_word' id='word_1_149' title='bbox 680 2004 743 2068; x_wconf 83' lang='grc'><strong>384</strong></span> <span class='ocrx_word' id='word_1_150' title='bbox 766 2009 938 2067; x_wconf 89' lang='lat' dir='ltr'><strong>exaratam.</strong></span> <span class='ocrx_word' id='word_1_151' title='bbox 983 2004 1058 2068; x_wconf 90' lang='lat' dir='ltr'><strong>Mox</strong></span> <span class='ocrx_word' id='word_1_152' title='bbox 1080 2005 1112 2068; x_wconf 94' lang='lat' dir='ltr'><strong>iu</strong></span> <span class='ocrx_word' id='word_1_153' title='bbox 1133 2005 1278 2070; x_wconf 92' lang='lat' dir='ltr'><strong>cubiculo</strong></span> <span class='ocrx_word' id='word_1_154' title='bbox 1301 2003 1440 2086; x_wconf 89' lang='lat' dir='ltr'><strong>quodam</strong></span> <span class='ocrx_word' id='word_1_155' title='bbox 1462 2003 1504 2068; x_wconf 90' lang='lat' dir='ltr'><strong>ad</strong></span> 
     </span>
     <span class='ocr_line' id='line_1_18' title="bbox 158 2103 1505 2192; baseline 0.001 -23"><span class='ocrx_word' id='word_1_156' title='bbox 158 2107 318 2170; x_wconf 88' lang='lat' dir='ltr'><strong>sinistram</strong></span> <span class='ocrx_word' id='word_1_157' title='bbox 356 2104 503 2168; x_wconf 87' lang='lat' dir='ltr'><strong>intrantis</strong></span> <span class='ocrx_word' id='word_1_158' title='bbox 541 2103 603 2170; x_wconf 91' lang='lat' dir='ltr'><strong>sito</strong></span> <span class='ocrx_word' id='word_1_159' title='bbox 643 2105 768 2189; x_wconf 90' lang='lat' dir='ltr'><strong>pictura</strong></span> <span class='ocrx_word' id='word_1_160' title='bbox 800 2104 925 2170; x_wconf 90' lang='lat' dir='ltr'><strong>detecta</strong></span> <span class='ocrx_word' id='word_1_161' title='bbox 958 2112 1005 2171; x_wconf 88' lang='lat' dir='ltr'><strong>est</strong></span> <span class='ocrx_word' id='word_1_162' title='bbox 1039 2106 1153 2171; x_wconf 88' lang='lat' dir='ltr'><strong>aetatis</strong></span> <span class='ocrx_word' id='word_1_163' title='bbox 1185 2108 1282 2172; x_wconf 87' lang='lat' dir='ltr'><strong>multo</strong></span> <span class='ocrx_word' id='word_1_164' title='bbox 1320 2106 1505 2192; x_wconf 85' lang='lat' dir='ltr'><strong>posterioris</strong></span> 
     </span>
     <span class='ocr_line' id='line_1_19' title="bbox 158 2205 1503 2292; baseline -0.002 -18"><span class='ocrx_word' id='word_1_165' title='bbox 158 2208 316 2274; x_wconf 87' lang='lat' dir='ltr'><strong>Christum</strong></span> <span class='ocrx_word' id='word_1_166' title='bbox 350 2205 521 2271; x_wconf 88' lang='lat' dir='ltr'><strong>osteudens</strong></span> <span class='ocrx_word' id='word_1_167' title='bbox 555 2206 588 2271; x_wconf 91' lang='lat' dir='ltr'><strong>in</strong></span> <span class='ocrx_word' id='word_1_168' title='bbox 622 2207 778 2272; x_wconf 89' lang='lat' dir='ltr'><strong>cathedra</strong></span> <span class='ocrx_word' id='word_1_169' title='bbox 810 2207 973 2272; x_wconf 90' lang='lat' dir='ltr'><strong>sedentem</strong></span> <span class='ocrx_word' id='word_1_170' title='bbox 1006 2208 1088 2273; x_wconf 90' lang='lat' dir='ltr'><strong>iuter</strong></span> <span class='ocrx_word' id='word_1_171' title='bbox 1117 2216 1244 2275; x_wconf 90' lang='lat' dir='ltr'><strong>sanctos</strong></span> <span class='ocrx_word' id='word_1_172' title='bbox 1275 2215 1422 2292; x_wconf 87' lang='lat' dir='ltr'><strong>quattuor</strong></span> <span class='ocrx_word' id='word_1_173' title='bbox 1449 2209 1503 2290; x_wconf 91' lang='lat' dir='ltr'><strong>qui</strong></span> 
     </span>
     <span class='ocr_line' id='line_1_20' title="bbox 89 2293 1505 2396; baseline 0.001 -22"><span class='ocrx_word' id='word_1_174' title='bbox 89 2293 99 2318; x_wconf 59' lang='lat'><strong><em>³</em></strong></span> <span class='ocrx_word' id='word_1_175' title='bbox 157 2331 291 2376; x_wconf 88' lang='lat' dir='ltr'><strong>coronas</strong></span> <span class='ocrx_word' id='word_1_176' title='bbox 307 2309 455 2374; x_wconf 89' lang='lat' dir='ltr'><strong>manibus</strong></span> <span class='ocrx_word' id='word_1_177' title='bbox 471 2315 608 2394; x_wconf 90' lang='lat' dir='ltr'><strong>portant,</strong></span> <span class='ocrx_word' id='word_1_178' title='bbox 629 2331 762 2393; x_wconf 88' lang='lat' dir='ltr'><strong>quorum</strong></span> <span class='ocrx_word' id='word_1_179' title='bbox 778 2307 902 2374; x_wconf 90' lang='lat' dir='ltr'><strong>duobus</strong></span> <span class='ocrx_word' id='word_1_180' title='bbox 916 2311 1048 2376; x_wconf 89' lang='lat' dir='ltr'><strong>numina</strong></span> <span class='ocrx_word' id='word_1_181' title='bbox 1062 2310 1166 2376; x_wconf 91' lang='lat' dir='ltr'><strong>adhue</strong></span> <span class='ocrx_word' id='word_1_182' title='bbox 1180 2311 1326 2394; x_wconf 84' lang='lat' dir='ltr'><strong>leguntur</strong></span> <span class='ocrx_word' id='word_1_183' title='bbox 1341 2313 1505 2396; x_wconf 89' lang='lat' dir='ltr'><strong>adscripta</strong></span> 
     </span>
     <span class='ocr_line' id='line_1_21' title="bbox 158 2411 1503 2498; baseline -0.001 -18"><span class='ocrx_word' id='word_1_184' title='bbox 158 2414 365 2480; x_wconf 80' lang='lat' dir='ltr'><strong>Faustiniano</strong></span> <span class='ocrx_word' id='word_1_185' title='bbox 389 2417 421 2476; x_wconf 91' lang='lat' dir='ltr'><strong>et</strong></span> <span class='ocrx_word' id='word_1_186' title='bbox 442 2411 626 2498; x_wconf 78' lang='lat' dir='ltr'><strong>Rufiniau03</strong></span> <span class='ocrx_word' id='word_1_187' title='bbox 649 2414 761 2478; x_wconf 88' lang='lat' dir='ltr'><strong>tertiae</strong></span> <span class='ocrx_word' id='word_1_188' title='bbox 782 2412 913 2476; x_wconf 89' lang='lat' dir='ltr'><strong>Viatrici</strong></span> <span class='ocrx_word' id='word_1_189' title='bbox 936 2434 1052 2478; x_wconf 73' lang='lat' dir='ltr'><strong>aurarem</strong></span> <span class='ocrx_word' id='word_1_190' title='bbox 1074 2413 1173 2479; x_wconf 86' lang='lat' dir='ltr'><strong>inisse</strong></span> <span class='ocrx_word' id='word_1_191' title='bbox 1195 2415 1341 2498; x_wconf 87' lang='lat' dir='ltr'><strong>expletae</strong></span> <span class='ocrx_word' id='word_1_192' title='bbox 1359 2435 1398 2479; x_wconf 91' lang='lat' dir='ltr'><strong>ex</strong></span> <span class='ocrx_word' id='word_1_193' title='bbox 1413 2415 1503 2478; x_wconf 92' lang='lat' dir='ltr'><strong>titulo</strong></span> 
     </span>
     <span class='ocr_line' id='line_1_22' title="bbox 157 2514 1504 2601; baseline 0 -21"><span class='ocrx_word' id='word_1_194' title='bbox 157 2515 299 2601; x_wconf 86' lang='lat' dir='ltr'><strong>epistylii</strong></span> <span class='ocrx_word' id='word_1_195' title='bbox 332 2514 488 2596; x_wconf 87' lang='lat' dir='ltr'><strong>reliquiae</strong></span> <span class='ocrx_word' id='word_1_196' title='bbox 522 2515 749 2582; x_wconf 89' lang='lat' dir='ltr'><strong>demonstrant.</strong></span> <span class='ocrx_word' id='word_1_197' title='bbox 813 2517 937 2581; x_wconf 89' lang='lat' dir='ltr'><strong>Viatrix</strong></span> <span class='ocrx_word' id='word_1_198' title='bbox 974 2537 1013 2580; x_wconf 91' lang='lat' dir='ltr'><strong>ca</strong></span> <span class='ocrx_word' id='word_1_199' title='bbox 1051 2516 1119 2582; x_wconf 90' lang='lat' dir='ltr'><strong>sive</strong></span> <span class='ocrx_word' id='word_1_200' title='bbox 1152 2517 1282 2580; x_wconf 90' lang='lat' dir='ltr'><strong>Beatrix</strong></span> <span class='ocrx_word' id='word_1_201' title='bbox 1319 2535 1409 2580; x_wconf 88' lang='lat' dir='ltr'><strong>soror</strong></span> <span class='ocrx_word' id='word_1_202' title='bbox 1445 2515 1504 2580; x_wconf 87' lang='lat' dir='ltr'><strong>luit</strong></span> 
     </span>
     <span class='ocr_line' id='line_1_23' title="bbox 156 2617 1503 2704; baseline 0 -21"><span class='ocrx_word' id='word_1_203' title='bbox 156 2617 313 2702; x_wconf 73' lang='lat' dir='ltr'><strong>Simplicii</strong></span> <span class='ocrx_word' id='word_1_204' title='bbox 334 2623 366 2682; x_wconf 91' lang='lat' dir='ltr'><strong>et</strong></span> <span class='ocrx_word' id='word_1_205' title='bbox 388 2617 532 2682; x_wconf 81' lang='lat' dir='ltr'><strong>Faustini</strong></span> <span class='ocrx_word' id='word_1_206' title='bbox 554 2625 738 2704; x_wconf 85' lang='lat' dir='ltr'><strong>martyrum,</strong></span> <span class='ocrx_word' id='word_1_207' title='bbox 761 2619 815 2702; x_wconf 91' lang='lat' dir='ltr'><strong>qui</strong></span> <span class='ocrx_word' id='word_1_208' title='bbox 838 2639 909 2684; x_wconf 93' lang='lat' dir='ltr'><strong>cum</strong></span> <span class='ocrx_word' id='word_1_209' title='bbox 931 2625 1063 2684; x_wconf 85' lang='lat' dir='ltr'><strong>nrortcm</strong></span> <span class='ocrx_word' id='word_1_210' title='bbox 1084 2619 1173 2704; x_wconf 89' lang='lat' dir='ltr'><strong>passi</strong></span> <span class='ocrx_word' id='word_1_211' title='bbox 1195 2619 1348 2684; x_wconf 85' lang='lat' dir='ltr'><strong>essentia</strong></span> <span class='ocrx_word' id='word_1_212' title='bbox 1363 2617 1503 2684; x_wconf 82' lang='lat' dir='ltr'><strong>Tiberim</strong></span> 
     </span>
     <span class='ocr_line' id='line_1_24' title="bbox 157 2718 1504 2805; baseline 0.001 -21"><span class='ocrx_word' id='word_1_213' title='bbox 157 2718 369 2805; x_wconf 88' lang='lat' dir='ltr'><strong>praecipitati,</strong></span> <span class='ocrx_word' id='word_1_214' title='bbox 393 2721 508 2802; x_wconf 88' lang='lat' dir='ltr'><strong>sepulti</strong></span> <span class='ocrx_word' id='word_1_215' title='bbox 531 2726 604 2786; x_wconf 87' lang='lat' dir='ltr'><strong>sunt</strong></span> <span class='ocrx_word' id='word_1_216' title='bbox 626 2722 660 2786; x_wconf 93' lang='lat' dir='ltr'><strong>iu</strong></span> <span class='ocrx_word' id='word_1_217' title='bbox 681 2722 870 2787; x_wconf 88' lang='lat' dir='ltr'><strong>coemeterio</strong></span> <span class='ocrx_word' id='word_1_218' title='bbox 894 2723 1078 2788; x_wconf 87' lang='lat' dir='ltr'><strong>Generosae</strong></span> <span class='ocrx_word' id='word_1_219' title='bbox 1101 2725 1144 2785; x_wconf 87' lang='lat' dir='ltr'><strong>od</strong></span> <span class='ocrx_word' id='word_1_220' title='bbox 1163 2731 1283 2786; x_wconf 79' lang='lat' dir='ltr'><strong>sectum</strong></span> <span class='ocrx_word' id='word_1_221' title='bbox 1306 2721 1447 2802; x_wconf 80' lang='lat' dir='ltr'><strong>Philippi,</strong></span> <span class='ocrx_word' id='word_1_222' title='bbox 1470 2722 1504 2786; x_wconf 91' lang='lat' dir='ltr'><strong>in</strong></span> 
     </span>
     <span class='ocr_line' id='line_1_25' title="bbox 157 2821 1502 2909; baseline 0.003 -23"><span class='ocrx_word' id='word_1_223' title='bbox 157 2843 220 2906; x_wconf 92' lang='lat' dir='ltr'><strong>quo</strong></span> <span class='ocrx_word' id='word_1_224' title='bbox 244 2829 276 2886; x_wconf 90' lang='lat' dir='ltr'><strong>et</strong></span> <span class='ocrx_word' id='word_1_225' title='bbox 296 2821 369 2906; x_wconf 89' lang='lat' dir='ltr'><strong>ipsa</strong></span> <span class='ocrx_word' id='word_1_226' title='bbox 390 2821 515 2886; x_wconf 89' lang='lat' dir='ltr'><strong>Viatrix</strong></span> <span class='ocrx_word' id='word_1_227' title='bbox 538 2823 686 2909; x_wconf 89' lang='lat' dir='ltr'><strong>deposita</strong></span> <span class='ocrx_word' id='word_1_228' title='bbox 708 2831 765 2890; x_wconf 88' lang='lat' dir='ltr'><strong>est.</strong></span> <span class='ocrx_word' id='word_1_229' title='bbox 810 2824 995 2890; x_wconf 85' lang='lat' dir='ltr'><strong>Generosae</strong></span> <span class='ocrx_word' id='word_1_230' title='bbox 1018 2843 1089 2889; x_wconf 89' lang='lat' dir='ltr'><strong>esse</strong></span> <span class='ocrx_word' id='word_1_231' title='bbox 1118 2824 1341 2888; x_wconf 86' lang='lat' dir='ltr'><strong>coemeterium</strong></span> <span class='ocrx_word' id='word_1_232' title='bbox 1368 2825 1403 2890; x_wconf 93' lang='lat' dir='ltr'><strong>in</strong></span> <span class='ocrx_word' id='word_1_233' title='bbox 1432 2825 1502 2890; x_wconf 91' lang='lat' dir='ltr'><strong>luco</strong></span> 
     </span>
     <span class='ocr_line' id='line_1_26' title="bbox 157 2924 1504 3012; baseline 0.001 -22"><span class='ocrx_word' id='word_1_234' title='bbox 157 2925 324 2990; x_wconf 81' lang='lat' dir='ltr'><strong>Arvalium</strong></span> <span class='ocrx_word' id='word_1_235' title='bbox 352 2930 509 3008; x_wconf 89' lang='lat' dir='ltr'><strong>repertum</strong></span> <span class='ocrx_word' id='word_1_236' title='bbox 537 2924 644 2991; x_wconf 88' lang='lat' dir='ltr'><strong>docuit</strong></span> <span class='ocrx_word' id='word_1_237' title='bbox 671 2927 803 2993; x_wconf 76' lang='lat' dir='ltr'><strong>Roscius</strong></span> <span class='ocrx_word' id='word_1_238' title='bbox 821 2928 853 3012; x_wconf 85' lang='lat'><strong>¹).</strong></span> <span class='ocrx_word' id='word_1_239' title='bbox 903 2929 950 2992; x_wconf 91' lang='lat' dir='ltr'><strong>De</strong></span> <span class='ocrx_word' id='word_1_240' title='bbox 977 2927 1107 2992; x_wconf 86' lang='lat' dir='ltr'><strong>invento</strong></span> <span class='ocrx_word' id='word_1_241' title='bbox 1135 2926 1195 2990; x_wconf 89' lang='lat' dir='ltr'><strong>hoc</strong></span> <span class='ocrx_word' id='word_1_242' title='bbox 1224 2928 1413 2992; x_wconf 89' lang='lat' dir='ltr'><strong>coemeterio</strong></span> <span class='ocrx_word' id='word_1_243' title='bbox 1441 2947 1504 2992; x_wconf 91' lang='lat' dir='ltr'><strong>ccr-</strong></span> 
     </span>
     <span class='ocr_line' id='line_1_27' title="bbox 156 3027 1503 3114; baseline 0.002 -23"><span class='ocrx_word' id='word_1_244' title='bbox 156 3029 254 3094; x_wconf 90' lang='lat' dir='ltr'><strong>tiores</strong></span> <span class='ocrx_word' id='word_1_245' title='bbox 287 3027 364 3092; x_wconf 87' lang='lat' dir='ltr'><strong>facti</strong></span> <span class='ocrx_word' id='word_1_246' title='bbox 397 3027 568 3092; x_wconf 89' lang='lat' dir='ltr'><strong>cardinalis</strong></span> <span class='ocrx_word' id='word_1_247' title='bbox 601 3029 746 3096; x_wconf 88' lang='lat' dir='ltr'><strong>Viearius</strong></span> <span class='ocrx_word' id='word_1_248' title='bbox 778 3030 892 3096; x_wconf 89' lang='lat' dir='ltr'><strong>summi</strong></span> <span class='ocrx_word' id='word_1_249' title='bbox 918 3029 1075 3114; x_wconf 88' lang='lat' dir='ltr'><strong>pontilicis</strong></span> <span class='ocrx_word' id='word_1_250' title='bbox 1104 3029 1222 3112; x_wconf 92' lang='lat' dir='ltr'><strong>quique</strong></span> <span class='ocrx_word' id='word_1_251' title='bbox 1250 3036 1325 3094; x_wconf 91' lang='lat' dir='ltr'><strong>tuuc</strong></span> <span class='ocrx_word' id='word_1_252' title='bbox 1363 3050 1433 3094; x_wconf 93' lang='lat' dir='ltr'><strong>cum</strong></span> <span class='ocrx_word' id='word_1_253' title='bbox 1466 3051 1503 3096; x_wconf 89' lang='lat' dir='ltr'><strong>ec</strong></span> 
     </span>
     <span class='ocr_line' id='line_1_28' title="bbox 158 3130 1504 3218; baseline 0.003 -24"><span class='ocrx_word' id='word_1_254' title='bbox 158 3130 400 3214; x_wconf 88' lang='lat' dir='ltr'><strong>antiquitatibus</strong></span> <span class='ocrx_word' id='word_1_255' title='bbox 423 3131 603 3198; x_wconf 89' lang='lat' dir='ltr'><strong>christianis</strong></span> <span class='ocrx_word' id='word_1_256' title='bbox 625 3133 659 3198; x_wconf 93' lang='lat' dir='ltr'><strong>in</strong></span> <span class='ocrx_word' id='word_1_257' title='bbox 674 3133 751 3198; x_wconf 91' lang='lat' dir='ltr'><strong>urbe</strong></span> <span class='ocrx_word' id='word_1_258' title='bbox 768 3133 942 3218; x_wconf 86' lang='lat' dir='ltr'><strong>praepositi</strong></span> <span class='ocrx_word' id='word_1_259' title='bbox 961 3139 1060 3217; x_wconf 89' lang='lat' dir='ltr'><strong>erant,</strong></span> <span class='ocrx_word' id='word_1_260' title='bbox 1076 3139 1206 3216; x_wconf 86' lang='lat' dir='ltr'><strong>cryptas</strong></span> <span class='ocrx_word' id='word_1_261' title='bbox 1220 3152 1276 3197; x_wconf 87' lang='lat' dir='ltr'><strong>eas</strong></span> <span class='ocrx_word' id='word_1_262' title='bbox 1291 3133 1504 3217; x_wconf 89' lang='lat' dir='ltr'><strong>explorandas</strong></span> 
     </span>
     <span class='ocr_line' id='line_1_29' title="bbox 158 3235 1504 3320; baseline 0 -22"><span class='ocrx_word' id='word_1_263' title='bbox 158 3241 326 3318; x_wconf 89' lang='lat' dir='ltr'><strong>curarunt,</strong></span> <span class='ocrx_word' id='word_1_264' title='bbox 354 3255 434 3318; x_wconf 87' lang='lat' dir='ltr'><strong>quas</strong></span> <span class='ocrx_word' id='word_1_265' title='bbox 456 3235 599 3320; x_wconf 86' lang='lat' dir='ltr'><strong>integras</strong></span> <span class='ocrx_word' id='word_1_266' title='bbox 626 3235 816 3301; x_wconf 88' lang='lat' dir='ltr'><strong>invenerunt</strong></span> <span class='ocrx_word' id='word_1_267' title='bbox 837 3243 868 3300; x_wconf 89' lang='lat' dir='ltr'><strong>et</strong></span> <span class='ocrx_word' id='word_1_268' title='bbox 889 3237 968 3301; x_wconf 91' lang='lat' dir='ltr'><strong>satis</strong></span> <span class='ocrx_word' id='word_1_269' title='bbox 990 3236 1130 3320; x_wconf 81' lang='lat' dir='ltr'><strong>amplae,</strong></span> <span class='ocrx_word' id='word_1_270' title='bbox 1154 3235 1375 3320; x_wconf 85' lang='lat' dir='ltr'><strong>pauperrimas</strong></span> <span class='ocrx_word' id='word_1_271' title='bbox 1397 3241 1504 3300; x_wconf 88' lang='lat' dir='ltr'><strong>tamen</strong></span> 
     </span>
     <span class='ocr_line' id='line_1_30' title="bbox 159 3336 1505 3404; baseline 0 -4"><span class='ocrx_word' id='word_1_272' title='bbox 159 3345 189 3401; x_wconf 90' lang='lat' dir='ltr'><strong>et</strong></span> <span class='ocrx_word' id='word_1_273' title='bbox 210 3336 378 3401; x_wconf 88' lang='lat' dir='ltr'><strong>destitutas</strong></span> <span class='ocrx_word' id='word_1_274' title='bbox 395 3338 479 3403; x_wconf 91' lang='lat' dir='ltr'><strong>omni</strong></span> <span class='ocrx_word' id='word_1_275' title='bbox 495 3337 563 3403; x_wconf 86' lang='lat' dir='ltr'><strong>iere</strong></span> <span class='ocrx_word' id='word_1_276' title='bbox 578 3345 692 3402; x_wconf 89' lang='lat' dir='ltr'><strong>ornatu</strong></span> <span class='ocrx_word' id='word_1_277' title='bbox 708 3359 728 3403; x_wconf 92' lang='lat' dir='ltr'><strong>a</strong></span> <span class='ocrx_word' id='word_1_278' title='bbox 743 3337 903 3404; x_wconf 91' lang='lat' dir='ltr'><strong>veteribus</strong></span> <span class='ocrx_word' id='word_1_279' title='bbox 919 3336 1101 3402; x_wconf 90' lang='lat' dir='ltr'><strong>christianis</strong></span> <span class='ocrx_word' id='word_1_280' title='bbox 1116 3337 1148 3402; x_wconf 92' lang='lat' dir='ltr'><strong>iu</strong></span> <span class='ocrx_word' id='word_1_281' title='bbox 1164 3337 1293 3402; x_wconf 88' lang='lat' dir='ltr'><strong>urbanis</strong></span> <span class='ocrx_word' id='word_1_282' title='bbox 1308 3338 1505 3402; x_wconf 88' lang='lat' dir='ltr'><strong>coemeteriis</strong></span> 
     </span>
     <span class='ocr_line' id='line_1_31' title="bbox 158 3438 1504 3526; baseline -0.001 -23"><span class='ocrx_word' id='word_1_283' title='bbox 158 3447 321 3524; x_wconf 86' lang='lat' dir='ltr'><strong>usurpato.</strong></span> <span class='ocrx_word' id='word_1_284' title='bbox 369 3438 529 3505; x_wconf 76' lang='lat' dir='ltr'><strong>(iurabant</strong></span> <span class='ocrx_word' id='word_1_285' title='bbox 550 3442 633 3506; x_wconf 89' lang='lat' dir='ltr'><strong>enim</strong></span> <span class='ocrx_word' id='word_1_286' title='bbox 657 3441 914 3525; x_wconf 87' lang='lat' dir='ltr'><strong>inscriptionibus</strong></span> <span class='ocrx_word' id='word_1_287' title='bbox 937 3441 1031 3506; x_wconf 90' lang='lat' dir='ltr'><strong>loculi</strong></span> <span class='ocrx_word' id='word_1_288' title='bbox 1055 3459 1158 3526; x_wconf 90' lang='lat' dir='ltr'><strong>paene</strong></span> <span class='ocrx_word' id='word_1_289' title='bbox 1181 3459 1305 3522; x_wconf 86' lang='lat' dir='ltr'><strong>omnes,</strong></span> <span class='ocrx_word' id='word_1_290' title='bbox 1329 3440 1426 3504; x_wconf 86' lang='lat' dir='ltr'><strong>clausi</strong></span> <span class='ocrx_word' id='word_1_291' title='bbox 1449 3440 1504 3503; x_wconf 88' lang='lat' dir='ltr'><strong>im·</strong></span> 
     </span>
     <span class='ocr_line' id='line_1_32' title="bbox 160 3541 1503 3628; baseline -0.001 -22"><span class='ocrx_word' id='word_1_292' title='bbox 160 3543 298 3608; x_wconf 91' lang='lat' dir='ltr'><strong>hricibus</strong></span> <span class='ocrx_word' id='word_1_293' title='bbox 320 3541 393 3607; x_wconf 92' lang='lat' dir='ltr'><strong>hinc</strong></span> <span class='ocrx_word' id='word_1_294' title='bbox 415 3541 504 3608; x_wconf 90' lang='lat' dir='ltr'><strong>illinc</strong></span> <span class='ocrx_word' id='word_1_295' title='bbox 525 3544 678 3628; x_wconf 87' lang='lat' dir='ltr'><strong>advectis,</strong></span> <span class='ocrx_word' id='word_1_296' title='bbox 701 3551 735 3608; x_wconf 93' lang='lat' dir='ltr'><strong>ut</strong></span> <span class='ocrx_word' id='word_1_297' title='bbox 757 3544 925 3626; x_wconf 85' lang='lat' dir='ltr'><strong>signacula</strong></span> <span class='ocrx_word' id='word_1_298' title='bbox 947 3543 1156 3608; x_wconf 82' lang='lat' dir='ltr'><strong>offiiciuarum</strong></span> <span class='ocrx_word' id='word_1_299' title='bbox 1174 3541 1260 3606; x_wconf 89' lang='lat' dir='ltr'><strong>clarc</strong></span> <span class='ocrx_word' id='word_1_300' title='bbox 1277 3541 1503 3606; x_wconf 84' lang='lat' dir='ltr'><strong>ostendebant:</strong></span> 
     </span>
     <span class='ocr_line' id='line_1_33' title="bbox 159 3645 1501 3713; baseline -0.001 -3"><span class='ocrx_word' id='word_1_301' title='bbox 159 3667 217 3712; x_wconf 92' lang='lat' dir='ltr'><strong>vas</strong></span> <span class='ocrx_word' id='word_1_302' title='bbox 245 3645 365 3710; x_wconf 91' lang='lat' dir='ltr'><strong>nullum</strong></span> <span class='ocrx_word' id='word_1_303' title='bbox 389 3645 434 3710; x_wconf 91' lang='lat' dir='ltr'><strong>ibi</strong></span> <span class='ocrx_word' id='word_1_304' title='bbox 457 3647 517 3712; x_wconf 83' lang='lat' dir='ltr'><strong>luit</strong></span> <span class='ocrx_word' id='word_1_305' title='bbox 543 3667 602 3712; x_wconf 90' lang='lat' dir='ltr'><strong>nee</strong></span> <span class='ocrx_word' id='word_1_306' title='bbox 630 3647 765 3712; x_wconf 89' lang='lat' dir='ltr'><strong>vitreum</strong></span> <span class='ocrx_word' id='word_1_307' title='bbox 787 3667 846 3713; x_wconf 90' lang='lat' dir='ltr'><strong>nec</strong></span> <span class='ocrx_word' id='word_1_308' title='bbox 868 3647 996 3711; x_wconf 88' lang='lat' dir='ltr'><strong>coctile:</strong></span> <span class='ocrx_word' id='word_1_309' title='bbox 1024 3647 1105 3710; x_wconf 91' lang='lat' dir='ltr'><strong>inter</strong></span> <span class='ocrx_word' id='word_1_310' title='bbox 1127 3645 1272 3708; x_wconf 89' lang='lat' dir='ltr'><strong>lucernas</strong></span> <span class='ocrx_word' id='word_1_311' title='bbox 1295 3665 1359 3709; x_wconf 90' lang='lat' dir='ltr'><strong>una</strong></span> <span class='ocrx_word' id='word_1_312' title='bbox 1382 3651 1501 3708; x_wconf 89' lang='lat' dir='ltr'><strong>tantum</strong></span> 
     </span>
     <span class='ocr_line' id='line_1_34' title="bbox 161 3747 1505 3834; baseline -0.003 -19"><span class='ocrx_word' id='word_1_313' title='bbox 161 3748 345 3834; x_wconf 86' lang='lat' dir='ltr'><strong>anaglypho</strong></span> <span class='ocrx_word' id='word_1_314' title='bbox 379 3749 532 3833; x_wconf 82' lang='lat' dir='ltr'><strong>insignis:</strong></span> <span class='ocrx_word' id='word_1_315' title='bbox 566 3748 820 3834; x_wconf 86' lang='lat' dir='ltr'><strong>anaglyphorum</strong></span> <span class='ocrx_word' id='word_1_316' title='bbox 849 3750 1017 3832; x_wconf 78' lang='lat' dir='ltr'><strong>coctilium,</strong></span> <span class='ocrx_word' id='word_1_317' title='bbox 1041 3747 1156 3832; x_wconf 92' lang='lat' dir='ltr'><strong>quihus</strong></span> <span class='ocrx_word' id='word_1_318' title='bbox 1183 3747 1338 3812; x_wconf 90' lang='lat' dir='ltr'><strong>memoria</strong></span> <span class='ocrx_word' id='word_1_319' title='bbox 1369 3748 1505 3831; x_wconf 85' lang='lat' dir='ltr'><strong>sepulcri</strong></span> 
     </span>
     <span class='ocr_line' id='line_1_35' title="bbox 161 3849 1506 3935; baseline -0.003 -17"><span class='ocrx_word' id='word_1_320' title='bbox 161 3859 353 3934; x_wconf 87' lang='lat' dir='ltr'><strong>servaretur,</strong></span> <span class='ocrx_word' id='word_1_321' title='bbox 371 3852 403 3915; x_wconf 94' lang='lat' dir='ltr'><strong>in</strong></span> <span class='ocrx_word' id='word_1_322' title='bbox 420 3853 505 3918; x_wconf 89' lang='lat' dir='ltr'><strong>ealce</strong></span> <span class='ocrx_word' id='word_1_323' title='bbox 521 3853 586 3917; x_wconf 89' lang='lat' dir='ltr'><strong>fixa</strong></span> <span class='ocrx_word' id='word_1_324' title='bbox 601 3851 780 3935; x_wconf 83' lang='lat' dir='ltr'><strong>fragmenta</strong></span> <span class='ocrx_word' id='word_1_325' title='bbox 795 3871 907 3935; x_wconf 87' lang='lat' dir='ltr'><strong>pauca.</strong></span> <span class='ocrx_word' id='word_1_326' title='bbox 935 3854 971 3917; x_wconf 96' lang='lat' dir='ltr'><strong>ln</strong></span> <span class='ocrx_word' id='word_1_327' title='bbox 987 3853 1074 3916; x_wconf 87' lang='lat' dir='ltr'><strong>calce</strong></span> <span class='ocrx_word' id='word_1_328' title='bbox 1089 3851 1140 3916; x_wconf 90' lang='lat' dir='ltr'><strong>hie</strong></span> <span class='ocrx_word' id='word_1_329' title='bbox 1155 3849 1221 3914; x_wconf 91' lang='lat' dir='ltr'><strong>illic</strong></span> <span class='ocrx_word' id='word_1_330' title='bbox 1236 3851 1371 3934; x_wconf 84' lang='lat' dir='ltr'><strong>graphio</strong></span> <span class='ocrx_word' id='word_1_331' title='bbox 1387 3852 1506 3935; x_wconf 89' lang='lat' dir='ltr'><strong>scripta</strong></span> 
     </span>
     <span class='ocr_line' id='line_1_36' title="bbox 161 3953 1505 4038; baseline -0.004 -16"><span class='ocrx_word' id='word_1_332' title='bbox 161 3957 288 4022; x_wconf 89' lang='lat' dir='ltr'><strong>fuerunt</strong></span> <span class='ocrx_word' id='word_1_333' title='bbox 316 3961 593 4038; x_wconf 85' lang='lat' dir='ltr'><strong>monogrammata</strong></span> <span class='ocrx_word' id='word_1_334' title='bbox 619 3953 755 4018; x_wconf 89' lang='lat' dir='ltr'><strong>nominis</strong></span> <span class='ocrx_word' id='word_1_335' title='bbox 783 3953 899 4018; x_wconf 80' lang='lat' dir='ltr'><strong>Christi</strong></span> <span class='ocrx_word' id='word_1_336' title='bbox 927 3955 1018 4020; x_wconf 87' lang='lat' dir='ltr'><strong>varie</strong></span> <span class='ocrx_word' id='word_1_337' title='bbox 1040 3953 1193 4036; x_wconf 85' lang='lat' dir='ltr'><strong>formata,</strong></span> <span class='ocrx_word' id='word_1_338' title='bbox 1216 3953 1374 4018; x_wconf 90' lang='lat' dir='ltr'><strong>interdum</strong></span> <span class='ocrx_word' id='word_1_339' title='bbox 1397 3973 1505 4018; x_wconf 89' lang='lat' dir='ltr'><strong>cruces</strong></span> 
     </span>
     <span class='ocr_line' id='line_1_37' title="bbox 161 4056 1505 4142; baseline -0.001 -20"><span class='ocrx_word' id='word_1_340' title='bbox 161 4057 262 4123; x_wconf 85' lang='lat' dir='ltr'><strong>hastis</strong></span> <span class='ocrx_word' id='word_1_341' title='bbox 285 4059 354 4122; x_wconf 86' lang='lat' dir='ltr'><strong>iere</strong></span> <span class='ocrx_word' id='word_1_342' title='bbox 376 4057 572 4140; x_wconf 87' lang='lat' dir='ltr'><strong>aequalibus,</strong></span> <span class='ocrx_word' id='word_1_343' title='bbox 597 4056 818 4142; x_wconf 88' lang='lat' dir='ltr'><strong>inscriptiones</strong></span> <span class='ocrx_word' id='word_1_344' title='bbox 840 4057 872 4122; x_wconf 92' lang='lat' dir='ltr'><strong>in</strong></span> <span class='ocrx_word' id='word_1_345' title='bbox 893 4058 979 4123; x_wconf 87' lang='lat' dir='ltr'><strong>calce</strong></span> <span class='ocrx_word' id='word_1_346' title='bbox 1002 4063 1153 4122; x_wconf 87' lang='lat' dir='ltr'><strong>exaratae</strong></span> <span class='ocrx_word' id='word_1_347' title='bbox 1174 4075 1307 4140; x_wconf 85' lang='lat' dir='ltr'><strong>paucae,</strong></span> <span class='ocrx_word' id='word_1_348' title='bbox 1331 4056 1505 4137; x_wconf 87' lang='lat' dir='ltr'><strong>exquibus</strong></span> 
     </span>
     <span class='ocr_line' id='line_1_38' title="bbox 160 4158 1504 4243; baseline -0.001 -19"><span class='ocrx_word' id='word_1_349' title='bbox 160 4181 223 4224; x_wconf 88' lang='lat' dir='ltr'><strong>una</strong></span> <span class='ocrx_word' id='word_1_350' title='bbox 245 4180 365 4224; x_wconf 90' lang='lat' dir='ltr'><strong>annum</strong></span> <span class='ocrx_word' id='word_1_351' title='bbox 388 4159 533 4225; x_wconf 90' lang='lat' dir='ltr'><strong>enuntiat</strong></span> <span class='ocrx_word' id='word_1_352' title='bbox 556 4160 719 4224; x_wconf 90' lang='lat' dir='ltr'><strong>consulum</strong></span> <span class='ocrx_word' id='word_1_353' title='bbox 742 4158 877 4224; x_wconf 90' lang='lat' dir='ltr'><strong>Modesti</strong></span> <span class='ocrx_word' id='word_1_354' title='bbox 900 4165 932 4224; x_wconf 90' lang='lat' dir='ltr'><strong>et</strong></span> <span class='ocrx_word' id='word_1_355' title='bbox 945 4159 1101 4243; x_wconf 82' lang='lat' dir='ltr'><strong>Arinthei,</strong></span> <span class='ocrx_word' id='word_1_356' title='bbox 1125 4159 1179 4242; x_wconf 92' lang='lat' dir='ltr'><strong>qui</strong></span> <span class='ocrx_word' id='word_1_357' title='bbox 1201 4165 1250 4222; x_wconf 91' lang='lat' dir='ltr'><strong>ost</strong></span> <span class='ocrx_word' id='word_1_358' title='bbox 1270 4160 1332 4223; x_wconf 72' lang='lat' dir='ltr'><strong>aia</strong></span> <span class='ocrx_word' id='word_1_359' title='bbox 1347 4179 1377 4242; x_wconf 94' lang='lat' dir='ltr'><strong>p.</strong></span> <span class='ocrx_word' id='word_1_360' title='bbox 1394 4159 1504 4239; x_wconf 83' lang='lat' dir='ltr'><strong>Chr.¹).</strong></span> 
     </span>
     <span class='ocr_line' id='line_1_39' title="bbox 161 4261 1505 4344; baseline -0.001 -16"><span class='ocrx_word' id='word_1_361' title='bbox 161 4263 367 4328; x_wconf 88' lang='lat' dir='ltr'><strong>Memorabile</strong></span> <span class='ocrx_word' id='word_1_362' title='bbox 389 4269 494 4326; x_wconf 89' lang='lat' dir='ltr'><strong>autem</strong></span> <span class='ocrx_word' id='word_1_363' title='bbox 517 4267 566 4326; x_wconf 92' lang='lat' dir='ltr'><strong>est</strong></span> <span class='ocrx_word' id='word_1_364' title='bbox 588 4283 629 4328; x_wconf 94' lang='lat' dir='ltr'><strong>ne</strong></span> <span class='ocrx_word' id='word_1_365' title='bbox 651 4265 684 4327; x_wconf 91' lang='lat' dir='ltr'><strong>in</strong></span> <span class='ocrx_word' id='word_1_366' title='bbox 708 4262 767 4326; x_wconf 90' lang='lat' dir='ltr'><strong>hoe</strong></span> <span class='ocrx_word' id='word_1_367' title='bbox 788 4261 918 4344; x_wconf 91' lang='lat' dir='ltr'><strong>quidem</strong></span> <span class='ocrx_word' id='word_1_368' title='bbox 940 4262 1127 4328; x_wconf 89' lang='lat' dir='ltr'><strong>coemeterio</strong></span> <span class='ocrx_word' id='word_1_369' title='bbox 1151 4261 1316 4326; x_wconf 88' lang='lat' dir='ltr'><strong>Arvalium</strong></span> <span class='ocrx_word' id='word_1_370' title='bbox 1337 4261 1434 4325; x_wconf 90' lang='lat' dir='ltr'><strong>ullam</strong></span> <span class='ocrx_word' id='word_1_371' title='bbox 1459 4281 1505 4326; x_wconf 90' lang='lat' dir='ltr'><strong>re·</strong></span> 
     </span>
     <span class='ocr_line' id='line_1_40' title="bbox 159 4362 1505 4452; baseline -0.004 -20"><span class='ocrx_word' id='word_1_372' title='bbox 159 4373 281 4452; x_wconf 83' lang='lat' dir='ltr'><strong>portam</strong></span> <span class='ocrx_word' id='word_1_373' title='bbox 310 4385 382 4430; x_wconf 87' lang='lat' dir='ltr'><strong>esse</strong></span> <span class='ocrx_word' id='word_1_374' title='bbox 410 4363 551 4429; x_wconf 87' lang='lat' dir='ltr'><strong>tabulam</strong></span> <span class='ocrx_word' id='word_1_375' title='bbox 579 4365 621 4428; x_wconf 90' lang='lat' dir='ltr'><strong>ad</strong></span> <span class='ocrx_word' id='word_1_376' title='bbox 647 4365 768 4430; x_wconf 89' lang='lat' dir='ltr'><strong>loculus</strong></span> <span class='ocrx_word' id='word_1_377' title='bbox 790 4365 944 4447; x_wconf 85' lang='lat' dir='ltr'><strong>tegendos</strong></span> <span class='ocrx_word' id='word_1_378' title='bbox 968 4363 1153 4448; x_wconf 89' lang='lat' dir='ltr'><strong>adhibitam,</strong></span> <span class='ocrx_word' id='word_1_379' title='bbox 1177 4363 1233 4429; x_wconf 87' lang='lat' dir='ltr'><strong>scri</strong></span> <span class='ocrx_word' id='word_1_380' title='bbox 1256 4383 1294 4428; x_wconf 91' lang='lat' dir='ltr'><strong>ex</strong></span> <span class='ocrx_word' id='word_1_381' title='bbox 1317 4362 1505 4446; x_wconf 84' lang='lat' dir='ltr'><strong>fragmentis</strong></span> 
     </span>
     <span class='ocr_line' id='line_1_41' title="bbox 159 4466 1504 4549; baseline -0.004 -15"><span class='ocrx_word' id='word_1_382' title='bbox 159 4467 286 4534; x_wconf 89' lang='lat' dir='ltr'><strong>duobus</strong></span> <span class='ocrx_word' id='word_1_383' title='bbox 319 4469 352 4532; x_wconf 93' lang='lat' dir='ltr'><strong>in</strong></span> <span class='ocrx_word' id='word_1_384' title='bbox 383 4488 421 4534; x_wconf 89' lang='lat' dir='ltr'><strong>ec</strong></span> <span class='ocrx_word' id='word_1_385' title='bbox 451 4467 577 4532; x_wconf 84' lang='lat' dir='ltr'><strong>effossis</strong></span> <span class='ocrx_word' id='word_1_386' title='bbox 606 4467 738 4532; x_wconf 89' lang='lat' dir='ltr'><strong>alterum</strong></span> <span class='ocrx_word' id='word_1_387' title='bbox 762 4469 934 4534; x_wconf 89' lang='lat' dir='ltr'><strong>inservisse</strong></span> <span class='ocrx_word' id='word_1_388' title='bbox 961 4467 1002 4532; x_wconf 93' lang='lat' dir='ltr'><strong>ad</strong></span> <span class='ocrx_word' id='word_1_389' title='bbox 1029 4467 1167 4532; x_wconf 88' lang='lat' dir='ltr'><strong>luculum</strong></span> <span class='ocrx_word' id='word_1_390' title='bbox 1196 4472 1301 4530; x_wconf 90' lang='lat' dir='ltr'><strong>aetate</strong></span> <span class='ocrx_word' id='word_1_391' title='bbox 1329 4466 1504 4549; x_wconf 88' lang='lat' dir='ltr'><strong>posteriorc</strong></span> 
     </span>
     <span class='ocr_line' id='line_1_42' title="bbox 158 4568 1503 4654; baseline -0.004 -18"><span class='ocrx_word' id='word_1_392' title='bbox 158 4569 417 4653; x_wconf 86' lang='lat' dir='ltr'><strong>restaurandum,</strong></span> <span class='ocrx_word' id='word_1_393' title='bbox 452 4570 584 4634; x_wconf 91' lang='lat' dir='ltr'><strong>alterum</strong></span> <span class='ocrx_word' id='word_1_394' title='bbox 619 4571 651 4634; x_wconf 92' lang='lat' dir='ltr'><strong>in</strong></span> <span class='ocrx_word' id='word_1_395' title='bbox 680 4590 755 4634; x_wconf 88' lang='lat' dir='ltr'><strong>arca</strong></span> <span class='ocrx_word' id='word_1_396' title='bbox 781 4571 944 4636; x_wconf 91' lang='lat' dir='ltr'><strong>inventurn</strong></span> <span class='ocrx_word' id='word_1_397' title='bbox 972 4589 1042 4635; x_wconf 88' lang='lat' dir='ltr'><strong>esse</strong></span> <span class='ocrx_word' id='word_1_398' title='bbox 1070 4570 1128 4635; x_wconf 89' lang='lat' dir='ltr'><strong>sub</strong></span> <span class='ocrx_word' id='word_1_399' title='bbox 1159 4569 1342 4654; x_wconf 88' lang='lat' dir='ltr'><strong>pavimento</strong></span> <span class='ocrx_word' id='word_1_400' title='bbox 1370 4568 1503 4651; x_wconf 88' lang='lat' dir='ltr'><strong>sepulta.</strong></span> 
     </span>
     <span class='ocr_line' id='line_1_43' title="bbox 160 4671 1503 4755; baseline -0.005 -17"><span class='ocrx_word' id='word_1_401' title='bbox 160 4673 252 4738; x_wconf 83' lang='lat' dir='ltr'><strong>Unde</strong></span> <span class='ocrx_word' id='word_1_402' title='bbox 280 4673 501 4738; x_wconf 89' lang='lat' dir='ltr'><strong>coemeterium</strong></span> <span class='ocrx_word' id='word_1_403' title='bbox 531 4693 656 4755; x_wconf 90' lang='lat' dir='ltr'><strong>quoque</strong></span> <span class='ocrx_word' id='word_1_404' title='bbox 679 4674 921 4739; x_wconf 90' lang='lat' dir='ltr'><strong>subterraneum</strong></span> <span class='ocrx_word' id='word_1_405' title='bbox 944 4672 1145 4738; x_wconf 85' lang='lat' dir='ltr'><strong>manifestum</strong></span> <span class='ocrx_word' id='word_1_406' title='bbox 1169 4679 1217 4736; x_wconf 88' lang='lat' dir='ltr'><strong>cst</strong></span> <span class='ocrx_word' id='word_1_407' title='bbox 1239 4671 1414 4736; x_wconf 90' lang='lat' dir='ltr'><strong>institutum</strong></span> <span class='ocrx_word' id='word_1_408' title='bbox 1438 4689 1503 4732; x_wconf 89' lang='lat' dir='ltr'><strong>eor·</strong></span> 
     </span>
     <span class='ocr_line' id='line_1_44' title="bbox 159 4775 1168 4859; baseline 0.001 -21"><span class='ocrx_word' id='word_1_409' title='bbox 159 4775 351 4858; x_wconf 87' lang='lat' dir='ltr'><strong>paribusque</strong></span> <span class='ocrx_word' id='word_1_410' title='bbox 373 4776 532 4859; x_wconf 91' lang='lat' dir='ltr'><strong>repletum</strong></span> <span class='ocrx_word' id='word_1_411' title='bbox 552 4795 623 4840; x_wconf 91' lang='lat' dir='ltr'><strong>esso</strong></span> <span class='ocrx_word' id='word_1_412' title='bbox 645 4782 720 4840; x_wconf 90' lang='lat' dir='ltr'><strong>ante</strong></span> <span class='ocrx_word' id='word_1_413' title='bbox 744 4775 850 4841; x_wconf 89' lang='lat' dir='ltr'><strong>deleta</strong></span> <span class='ocrx_word' id='word_1_414' title='bbox 870 4775 933 4840; x_wconf 93' lang='lat' dir='ltr'><strong>luci</strong></span> <span class='ocrx_word' id='word_1_415' title='bbox 955 4781 1168 4840; x_wconf 90' lang='lat' dir='ltr'><strong>monumenta.</strong></span> 
     </span>
    </p>
   </div>
   <div class='ocr_carea' id='block_1_3' title="bbox 209 4932 1279 5088">
    <p class='ocr_par' dir='ltr' id='par_1_3' title="bbox 209 4932 1279 5088">
     <span class='ocr_line' id='line_1_45' title="bbox 228 4932 1126 5006; baseline 0.008 -23"><span class='ocrx_word' id='word_1_416' title='bbox 228 4932 247 4998; x_wconf 85' lang='lat'><strong>¹)</strong></span> <span class='ocrx_word' id='word_1_417' title='bbox 266 4933 339 4987; x_wconf 80' lang='lat' dir='ltr'><strong>Bali.</strong></span> <span class='ocrx_word' id='word_1_418' title='bbox 358 4935 389 4986; x_wconf 82' lang='lat' dir='ltr'><strong>di</strong></span> <span class='ocrx_word' id='word_1_419' title='bbox 406 4935 477 4988; x_wconf 84' lang='lat' dir='ltr'><strong>arch.</strong></span> <span class='ocrx_word' id='word_1_420' title='bbox 497 4937 570 4988; x_wconf 80' lang='lat' dir='ltr'><strong>crist.</strong></span> <span class='ocrx_word' id='word_1_421' title='bbox 591 4936 658 4991; x_wconf 80' lang='lat'><strong>1869</strong></span> <span class='ocrx_word' id='word_1_422' title='bbox 677 4935 693 4992; x_wconf 93' lang='grc'><strong>1.</strong></span> <span class='ocrx_word' id='word_1_423' title='bbox 713 4951 736 4992; x_wconf 75' lang='lat' dir='ltr'><strong>d.</strong></span> <span class='ocrx_word' id='word_1_424' title='bbox 925 4934 945 5000; x_wconf 82' lang='lat'><strong>¹)</strong></span> <span class='ocrx_word' id='word_1_425' title='bbox 964 4935 981 4989; x_wconf 91' lang='lat' dir='ltr'><strong>l.</strong></span> <span class='ocrx_word' id='word_1_426' title='bbox 1001 4950 1025 4989; x_wconf 86' lang='lat' dir='ltr'><strong>c.</strong></span> <span class='ocrx_word' id='word_1_427' title='bbox 1045 4935 1126 5006; x_wconf 85' lang='lat' dir='ltr'><strong>p.13·</strong></span> 
     </span>
     <span class='ocr_line' id='line_1_46' title="bbox 209 5021 1279 5088; baseline -0.002 -2"><span class='ocrx_word' id='word_1_428' title='bbox 209 5045 284 5088; x_wconf 74' lang='lat' dir='ltr'><strong>roua</strong></span> <span class='ocrx_word' id='word_1_429' title='bbox 305 5046 371 5088; x_wconf 79' lang='lat' dir='ltr'><strong>rav.</strong></span> <span class='ocrx_word' id='word_1_430' title='bbox 1259 5021 1279 5084; x_wconf 77' lang='lat'><strong>2</strong></span> 
     </span>
    </p>
   </div>
   <div class='ocr_carea' id='block_1_4' title="bbox 0 0 1828 5592">
    <p class='ocr_par' dir='ltr' id='par_1_4' title="bbox 0 0 1828 5592">
     <span class='ocr_line' id='line_1_47' title="bbox 0 0 1828 5592; baseline 0 0"><span class='ocrx_word' id='word_1_431' title='bbox 0 0 1828 5592; x_wconf 95' lang='lat' dir='ltr'><strong> </strong></span> 
     </span>
    </p>
   </div>
  </div>
 </body>
</html>
