3592 5598
688 327 763 383 Vota
782 327 1008 382 extraordinaria.
1456 333 1516 400 125
1531 308 1535 316 Ι

168 498 280 558 Vitellii
311 518 375 560 cnm
402 501 616 578 immolaretur,
648 501 763 561 omissis
796 499 871 558 divis
900 503 997 577 gentis
1028 503 1121 562 Iuliae
1148 510 1178 563 et
1205 502 1350 563 Claudiae
1382 503 1423 580 (p.
1448 507 1516 578 1213

166 594 204 652 cf.
228 596 291 669 104,
314 592 379 671 lot)
400 595 503 655 addita
523 605 590 656 sunt
610 605 679 656 vota
698 597 763 655 Iovi
784 595 895 668 victori,
915 598 1003 656 Marti
1028 598 1123 672 ultori,
1145 597 1238 657 Genio
1260 597 1407 674 Caesaris,
1428 617 1517 675 porro

170 687 329 763 Felicitati,
358 695 390 747 ut
421 689 544 764 ridetur,
575 699 605 751 11
625 691 720 751 Genio
746 692 850 768 populi
871 689 1005 752 Romani.
1038 691 1177 753 Similiter
1198 709 1261 751 crrru
1282 709 1335 768 pro
1356 693 1434 750 bello
1455 693 1515 752 Do-

166 783 278 841 mitiani
297 783 410 842 Dacico
441 791 511 844 vota
539 784 653 860 fierent,
683 795 801 863 practer
830 786 948 845 numina
971 787 1142 864 Capitolina
1171 795 1201 846 et
1225 785 1357 847 Salutem
1387 785 1516 846 invocati

165 877 334 951 suutlrlars,
356 878 496 952 Fortuna,
517 878 654 939 Victoria
672 880 775 956 redux,
788 879 902 940 Genius
923 884 1027 960 populi
1041 883 1178 958 Romani,
1199 882 1317 941 numina
1338 881 1451 941 scilicet
1471 899 1515 955 ca,

165 988 290 1048 quornm
310 971 418 1029 auxilio
440 972 479 1030 ad
500 973 606 1032 bellum
628 973 753 1033 feliciter
773 976 934 1050 gerendum
955 979 1081 1038 maxime
1102 995 1178 1054 opus
1198 983 1270 1036 crat.

243 1081 319 1142 Item
340 1101 405 1141 cum
426 1083 463 1142 ad
484 1085 608 1160 priorem
642 1085 858 1161 expeditionem
871 1089 1021 1158 ¹Dacicum
1043 1090 1189 1148 Traianus
1220 1088 1456 1166 proficisceretur
1486 1096 1517 1148 et

165 1176 239 1234 mari
258 1176 314 1235 iter
333 1175 461 1235 facturus
483 1183 571 1252 esset,
592 1185 623 1236 nt
645 1178 717 1236 deus
739 1197 854 1258 quoque
870 1184 958 1242 maris
979 1190 1086 1259 potens
1100 1183 1287 1241 invocaretur
1301 1199 1422 1240 necesse
1443 1191 1514 1243 erat.

166 1271 242 1329 Tum
273 1271 347 1328 euim
369 1277 439 1330 vota
459 1279 604 1348 concepta
625 1279 693 1331 snut
713 1275 878 1334 numinibus
899 1277 1086 1353 Capitolium,
1109 1275 1206 1336 Saluti
1233 1277 1273 1334 rei
1295 1275 1432 1352 publicae
1461 1295 1513 1354 po·

164 1367 229 1444 puli
250 1367 386 1440 Romani,
407 1367 499 1426 Marti
519 1368 605 1443 patri.
635 1371 835 1428 Accesserant
856 1377 952 1430 autem
974 1370 1038 1428 lovi
1058 1371 1135 1446 patri
1157 1371 1268 1446 optimo
1290 1373 1416 1430 maximo
1434 1372 1515 1430 Iovis

166 1463 277 1534 victor;
308 1461 400 1520 Marti
420 1462 505 1538 putri,
525 1460 674 1522 fundatori
696 1464 809 1522 scilicet
829 1465 925 1540 gentis
946 1463 1109 1539 Romanae,
1131 1465 1215 1524 Mars
1246 1465 1341 1523 victor
1372 1467 1514 1524 bellorum

165 1563 286 1632 puteus3
317 1563 435 1632 praeter
465 1554 630 1614 Victoriam
661 1556 765 1616 deiude
797 1559 1016 1635 Fortunamque
1050 1559 1187 1618 reducem
1222 1560 1396 1618 invocantur
1428 1559 1515 1618 etiam

165 1650 264 1710 Vesta
285 1659 377 1710 mater
398 1667 509 1709 summa
530 1650 610 1708 urbis
633 1649 794 1728 domusque
815 1659 915 1712 custos
947 1661 977 1711 11
1008 1653 1064 1711 deu
1082 1653 1227 1727 tutelaris,
1252 1653 1408 1731 Neptunus
1430 1659 1515 1730 pater

166 1745 254 1806 maris
269 1745 418 1818 domiuus3
440 1744 565 1820 dariique
581 1743 726 1803 Hercules
742 1745 843 1822 victor,
865 1747 914 1823 qui
932 1749 1103 1824 olurnpbolia
1116 1759 1230 1807 vocemur
1250 1761 1329 1826 atque
1347 1768 1400 1826 per
1421 1753 1514 1806 trium·

161 1839 763 1917 ,1111111111111111111111111111Ρ111.
785 1861 811 1898 a.
832 1843 857 1900 lr.
879 1843 925 1916 34,
946 1840 1005 1919 33).
1046 1843 1092 1901 De
1120 1842 1233 1902 decima
1259 1844 1442 1921 temporibus
1464 1862 1514 1902 au·

165 1935 254 2012 tiquis
276 1935 303 1994 ei
324 1941 499 2012 cousecrata
519 1934 555 1992 de
576 1933 697 2010 eiusque
718 1935 798 1992 cultu
820 1935 984 2012 posteriore
1014 1937 1101 1996 etiam
1121 1938 1235 2014 imperii
1267 1947 1364 1997 aetate
1396 1943 1515 1997 servato

166 2029 202 2088 ci.
224 2047 300 2088 nuuc
321 2031 481 2088 Mommsen
503 2029 531 2088 C.
552 2031 578 2087 Ι.
600 2029 636 2086 L.
661 2030 674 2085 1
696 2047 725 2105 p.
749 2031 811 2088 149.
852 2029 988 2089 Ceterum
1010 2031 1189 2092 conserenda
1216 2041 1284 2091 sunt
1314 2050 1349 2090 ca
1378 2032 1513 2109 quaeda

166 2123 318 2182 sacrificiis
348 2125 386 2182 ob
419 2125 568 2183 victoriam
590 2121 795 2181 Germanicam
816 2126 958 2183 Antonini
980 2124 1080 2186 Severi
1102 2127 1120 2185 i.
1141 2127 1171 2184 iu
1196 2129 1389 2186 11111213
1419 2127 1516 2186 relata

166 2225 238 2276 sunt
267 2217 307 2294 (p.
330 2220 374 2276 81.
397 2217 455 2294 86).
496 2216 543 2276 Ibi
564 2217 639 2276 enirn
670 2218 836 2277 immolatur
857 2220 1022 2279 numinibus
1043 2220 1146 2278 iisdem
1168 2221 1224 2279 nisi
1244 2221 1324 2298 quod
1345 2239 1399 2298 pro
1421 2223 1516 2281 blarte

165 2313 288 2384 victora,
317 2313 446 2370 Hercule
477 2319 506 2370 ct
532 2311 673 2387 Neptuno
704 2311 797 2371 Lares
829 2313 887 2371 dno
918 2315 1058 2373 militares
1089 2333 1125 2374 ac
1156 2314 1269 2374 Genius
1300 2316 1441 2393 principis
1472 2316 1513 2373 iu·

164 2415 326 2480 vocantur,
359 2407 427 2466 item
462 2424 515 2483 pro
549 2405 647 2465 Vesta
680 2413 771 2464 matre
807 2408 881 2466 luno
917 2409 1009 2467 Iuliae
1046 2413 1200 2484 Augustae
1240 2411 1340 2470 matris
1375 2411 1513 2486 Augusti.

164 2501 296 2562 Numina
323 2501 413 2578 igitur
444 2507 511 2560 snut
540 2499 692 2574 duodena,
727 2501 788 2559 seui
821 2502 861 2561 dii
892 2502 1023 2580 deaeque
1053 2522 1156 2578 senae,
1186 2505 1293 2582 quibus
1322 2506 1393 2564 belli
1422 2523 1516 2565 causa

166 2614 281 2655 sacrum
315 2596 355 2670 iit,
389 2603 421 2657 ut
455 2602 533 2655 recte
568 2595 682 2654 notavit
709 2595 909 2657 Mommseuus
945 2597 1126 2674 (Grumbates
1158 2597 1230 2658 1870
1263 2603 1276 2658 l
1308 2619 1336 2676 p.
1370 2599 1444 2674 ill).
1477 2633 1515 2644 —

166 2689 295 2750 Restant
328 2695 399 2749 vota
435 2707 513 2748 auno
547 2692 583 2748 66
616 2696 787 2765 nuncupata
820 2698 849 2749 ct
878 2692 976 2750 solnta
1009 2692 1047 2751 ob
1082 2692 1201 2752 detecta
1238 2695 1412 2753 nefariorum
1446 2711 1514 2752 con·

166 2785 246 2843 silla:
274 2802 342 2844 nam
372 2784 420 2842 vix
449 2784 564 2843 videtur
592 2784 678 2843 aliter
707 2784 848 2860 explicari
877 2803 965 2862 posse
996 2786 1101 2844 iterata
1120 2787 1162 2844 rei
1182 2787 1311 2846 eiusdem
1342 2805 1514 2847 commemo·

165 2880 242 2938 ratio
263 2879 319 2938 uisi
339 2885 371 2938 nt
390 2879 486 2956 primo
512 2878 630 2938 detecta
650 2878 773 2936 necdum
802 2897 948 2954 oppressa
978 2880 1178 2940 coniuratione
1210 2891 1355 2958 conceptu
1381 2883 1513 2942 dicamus

165 2991 233 3033 esse
254 2981 333 3048 vota,
354 2991 429 3051 quae
449 2978 556 3051 postea
575 2973 693 3055 reddita
714 2981 789 3032 suut.
831 2973 871 3031 Et
900 2973 974 3033 baec
1005 2975 1122 3051 quidem
1154 2985 1223 3034 rota
1252 2984 1370 3052 praeter
1398 2976 1514 3034 numina

164 3087 275 3143 magna
291 3067 462 3146 Capitolina
483 3069 600 3146 aliaque
616 3069 766 3142 nonnulla,
788 3085 910 3144 qnorum
930 3071 1038 3128 mentio
1061 3073 1156 3130 tracto
1176 3070 1276 3146 lapide
1295 3071 1453 3143 intercidit,
1474 3070 1514 3130 ad

166 3163 295 3222 Martem
324 3164 474 3239 pertinent
504 3173 534 3222 11
563 3161 797 3236 Providentiam,
819 3164 887 3222 item
914 3164 953 3222 ad
974 3165 1135 3239 Honorem,
1157 3165 1370 3224 aeternitatem
1391 3164 1513 3240 imperii,

165 3256 290 3316 Genium
312 3257 448 3334 denique,
468 3264 500 3317 ut
516 3256 638 3331 videtur,
658 3257 808 3333 principis.
838 3259 883 3316 De
898 3257 1085 3318 Aeternitate
1106 3261 1217 3336 imperii
1239 3260 1275 3318 cf.
1289 3277 1365 3336 quae
1386 3259 1425 3316 ad
1445 3265 1514 3317 vota

164 3349 305 3410 adnotavi
324 3370 378 3428 pro
398 3352 566 3410 Domitiano
587 3354 724 3426 Augusto
735 3369 761 3408 a.
774 3351 801 3408 d.
814 3349 862 3409 XI
875 3351 1015 3411 kalendas
1027 3353 1207 3413 Februarias
1221 3359 1390 3430 nuncupata
1401 3372 1429 3428 p.
1443 3355 1511 3425 1113

165 3445 377 3506 Providentiae
396 3446 574 3506 immolatum
597 3455 643 3505 est
664 3463 739 3503 auno
760 3447 806 3517 59,
828 3463 892 3502 curn
912 3465 967 3522 pro
989 3449 1082 3507 salute
1103 3447 1229 3506 Neronis
1244 3447 1380 3507 Caesaris
1402 3448 1511 3523 suppli·

165 3540 298 3598 cationes
329 3540 431 3600 fierent
459 3541 499 3616 (p.
522 3540 581 3618 sl),
610 3541 679 3598 item
707 3555 785 3597 anuo
817 3540 854 3596 69
885 3540 922 3598 ob
952 3541 1141 3618 adoptionem
1168 3541 1232 3600 Ser.
1254 3539 1377 3617 Sulpicii
1397 3540 1513 3600 Galbae

166 3633 306 3694 Caesaris
338 3632 379 3710 (p.
411 3635 476 3710 86):
512 3653 563 3694 ara
596 3642 692 3696 autem
726 3632 937 3692 Providentiae
968 3637 1124 3710 Augustae
1158 3645 1334 3694 memoratur
1369 3653 1445 3694 anuo
1475 3638 1511 3694 38

163 3731 204 3805 (p.
227 3728 276 3802 ’15)
307 3729 479 3804 incertoque
510 3727 638 3804 quodam
670 3744 746 3784 anuo
774 3727 957 3802 imperatoris
980 3728 1112 3803 Claudii;
1144 3730 1355 3789 Providentiae
1386 3729 1511 3806 denique

163 3822 281 3880 deornm
311 3841 365 3898 pro
393 3823 486 3880 salute
508 3818 661 3892 Commodi
692 3819 900 3881 immolatura.
924 3824 977 3881 183
1008 3823 1056 3900 (ci.
1089 3831 1156 3883 acta
1178 3823 1280 3882 borum
1312 3841 1453 3882 annorum
1483 3834 1513 3883 11

161 3935 191 3992 p.
213 3917 289 3994 112).
330 3917 365 3974 lu
397 3916 518 3973 nummis
543 3931 632 3988 saepe
662 3915 789 3972 occurrit
810 3917 1003 3976 Providentia
1033 3925 1064 3976 st
1092 3919 1263 3994 simpliciter
1293 3917 1372 3976 dicta
1401 3923 1510 3976 111111-

161 4017 251 4086 gusta
271 4009 463 4084 deorumque:
494 4009 529 4067 ci.
553 4005 702 4066 Eclrbel8
732 4009 820 4066 iudex
850 4011 1071 4088 inscriptionum
1102 4030 1130 4088 p.
1152 4014 1217 4086 549,
1247 4021 1277 4071 11
1306 4011 1342 4070 de
1368 4014 1434 4088 ipsa
1455 4012 1511 4070 dea

163 4103 272 4162 Marini
298 4123 326 4179 p.
347 4106 383 4162 80
409 4110 438 4160 et
463 4102 577 4160 Preller
597 4103 631 4162 R.
654 4105 739 4180 alipii.
766 4123 793 4180 p.
815 4106 870 4163 630
897 4106 943 4164 ed.
967 4109 990 4165 l.
1016 4141 1053 4151 -
1082 4107 1127 4166 De
1148 4106 1269 4166 Honore
1290 4107 1326 4166 of.
1348 4107 1423 4165 idem
1444 4107 1463 4166 l.
1485 4125 1509 4165 1.

163 4217 192 4275 p.
213 4201 277 4257 613.

238 4308 384 4367 Victimce
405 4307 591 4367 iurmolautur
612 4308 748 4382 singulae
768 4311 931 4369 numinibus
962 4311 1095 4386 singulis,
1126 4319 1251 4389 excepto
1273 4311 1418 4386 ernost,
1451 4330 1509 4389 quo

160 4405 199 4462 ob
229 4404 416 4464 securitatem
445 4409 473 4461 et
503 4403 626 4462 salutem
648 4402 693 4462 Ti.
716 4403 854 4490 Caesaris
885 4405 976 4464 boves
1007 4424 1102 4466 mares
1123 4407 1182 4465 dno
1203 4407 1268 4465 Iovi
1297 4407 1507 4466 sacrificantur.

160 4498 235 4557 Item
257 4497 379 4556 Herculi
399 4497 504 4555 victori
524 4497 561 4555 ob
588 4497 798 4574 profectionem
820 4499 940 4558 Traiani
967 4500 1005 4559 ad
1031 4501 1156 4576 priorem
1184 4503 1400 4577 expeditionem
1420 4501 1507 4560 Daci·

160 4610 224 4652 cam
246 4597 332 4650 lauris
352 4591 458 4650 dicitur
478 4591 657 4650 immolatum
678 4611 759 4651 esse:
781 4593 834 4652 sed
854 4611 920 4653 eum
940 4596 1045 4654 ceteris
1068 4595 1123 4655 diis
1149 4597 1281 4655 omnibus
1304 4596 1427 4671 singulis
1449 4597 1507 4654 vie·

159 4686 237 4745 timis
257 4703 373 4746 sacrum
393 4686 503 4745 lactum
524 4685 571 4762 sit,
591 4685 706 4746 videtur
726 4705 823 4746 errore
845 4688 1026 4765 quadratarii
1055 4691 1177 4767 pluralis
1209 4709 1263 4768 pro
1294 4689 1434 4766 singulari
1455 4707 1505 4748 nu·

160 4797 240 4840 mero
262 4781 376 4858 positus
397 4796 473 4839 esse.

619 4974 1038 4987 ——ss—
