3574 5592
581 403 725 460 Sacrifioia
743 389 939 462 audiversaris.

336 779 358 845 l.
404 779 668 847 AGRIPPINAE
692 777 932 848 GERMANIOI
956 779 1171 846 CAESARIS.

90 967 146 1046 [39]
431 971 536 1051 lapide
556 971 661 1050 fracto
690 971 792 1051 deficit
818 979 893 1033 nola
920 971 996 1050 diei,
1022 972 1074 1051 qui
1101 970 1224 1032 uidetur
1252 971 1286 1032 in
1308 988 1439 1032 mensem

472 1073 633 1137 Octobrem
655 1073 801 1149 incidere,
824 1074 864 1154 ef.
880 1073 934 1136 38.
1281 1149 1284 1156 ¹

157 1189 201 1248 De
219 1189 252 1250 C.
274 1189 404 1250 Caesare
427 1191 530 1250 scribit
551 1189 710 1250 Suetonius
725 1193 799 1265 (Col,
816 1189 876 1265 15):
900 1190 1009 1248 Tiberio
1026 1239 1031 1249 .
1051 1239 1056 1251 .
1076 1209 1172 1268 ..pro
1187 1195 1310 1250 contione
1322 1191 1437 1248 laudato

81 1283 259 1358 funeratoque
279 1285 456 1358 amplissime,
480 1288 621 1360 confestim
647 1287 847 1344 Pandateriam
872 1293 896 1340 et
914 1284 1031 1342 Pontias
1057 1289 1097 1344 od
1120 1286 1323 1360 tratasferrndos
1342 1287 1439 1341 matris

87 1377 229 1450 notrisque
249 1381 351 1434 eineres
364 1381 506 1453 festinarit
522 1425 527 1438 .
546 1425 552 1438 .
572 1389 617 1438 ,ει
635 1427 640 1438 .
657 1424 663 1438 .
682 1428 687 1439 .
704 1381 823 1438 Romam
854 1381 947 1439 Tiberi
976 1382 1114 1438 subvectae
1133 1425 1160 1438 ..
1181 1422 1208 1436 ..
1230 1379 1375 1437 Mausoleo
1395 1381 1438 1434 in·
1511 1433 1514 1444 ,

86 1471 140 1526 tulit
157 1475 324 1546 inferiaeque
343 1476 367 1529 ie
386 1491 480 1530 annuo
500 1475 629 1550 reliyione
645 1475 755 1550 publice
774 1478 887 1532 instituit
907 1483 971 1533 eleo
987 1476 1105 1550 amplias
1124 1477 1206 1530 matri
1225 1473 1360 1532 Circenses
1375 1489 1436 1527 ear·

82 1575 247 1639 pereamque,
268 1585 321 1640 quo
342 1570 371 1623 in
388 1585 495 1642 pompa
515 1569 711 1626 trodmeretar.
752 1568 869 1644 Itaque,
890 1576 922 1628 ut
941 1569 1044 1645 patris,
1064 1568 1107 1627 ita
1127 1567 1214 1624 etiam
1236 1564 1338 1624 matris
1359 1563 1436 1622 diem

85 1657 206 1716 natalem
228 1677 245 1717 a
267 1659 301 1720 C.
325 1659 458 1720 Caesare
479 1661 662 1722 celebratum
683 1679 749 1721 esse
772 1670 1003 1721 consentaneum
1024 1668 1078 1721 est.

475 1959 506 2023 g.
551 1939 585 2007 (l.
609 1940 814 2008 CAESARIS
835 1937 1037 2008 AUGUSTI.

85 2127 143 2207 [38]
437 2127 579 2214 iudidio)
601 2127 790 2214 k(alendas)
813 2128 1070 2214 Septembr(es)].

175 2419 206 2484 h.
253 2415 307 2520 ΤΙ.
332 2415 509 2482 CLAUDII
532 2416 781 2500 GERMANICI,
806 2415 882 2495 QUI
905 2415 1070 2484 POSTEA
1093 2415 1339 2502 IMPERAVIT.

84 2605 131 2682 tas
155 2603 311 2670 annuo.
329 2601 391 2681 on
431 2602 620 2686 turstenus)
643 2602 848 2684 Augtuatsn.

154 2722 283 2782 Natales
305 2723 338 2782 C.
363 2721 502 2782 Caesaris
523 2731 553 2782 et
573 2723 621 2780 Ti.
639 2721 757 2782 Claudii
772 2721 939 2782 Germanioi
956 2722 1033 2783 Gaio
1049 2724 1212 2800 imperante
1234 2741 1293 2784 uon
1315 2731 1441 2800 possunt

83 2816 140 2872 sine
161 2817 258 2874 saeris
279 2817 339 2876 suis
361 2817 461 2890 luisse,
483 2834 547 2873 eum
569 2834 644 2892 qnae
666 2816 705 2875 ad
721 2815 858 2875 familiam
873 2818 1014 2893 principis
1037 2823 1177 2892 spectant
1197 2820 1295 2877 omnia
1311 2819 1439 2878 Arvales

81 2909 106 2966 in
126 2927 161 2968 ea
183 2910 370 2984 rettulerint,
391 2910 476 2984 moti,
506 2917 539 2969 ut
563 2911 683 2970 videtur:
701 2911 766 2986 ipso
787 2928 845 2986 quo
871 2911 901 2967 in
923 2929 992 2969 suos
1014 2910 1152 2986 Caligula
1172 2912 1307 2971 fervebat
1327 2911 1440 2986 studim

81 3003 115 3060 el.
136 3002 253 3063 Eekhel
274 3005 292 3062 6
313 3023 333 3080 p
357 3005 413 3062 219
435 3010 465 3062 et
486 3005 592 3062 nummi
613 3005 650 3063 ab
678 3003 734 3062 hoe
756 3003 905 3081 descripti.
936 3037 974 3048 -
1005 3005 1050 3063 De
1071 3005 1220 3065 natalibus
1242 3005 1274 3065 C.
1299 3005 1440 3065 Caesaris

81 3097 114 3154 el.
137 3097 301 3157 Suetonius
325 3099 384 3157 Col.
402 3099 433 3170 83
453 3103 512 3156 uita
533 3099 675 3157 Commodi
697 3100 732 3156 10
754 3105 784 3156 et
806 3101 835 3170 l;
850 3101 918 3173 fast.
947 3100 1018 3158 Vull.
1041 3109 1065 3156 et
1085 3100 1176 3176 Pae,
1197 3099 1234 3158 de
1255 3099 1302 3158 Ti.
1323 3097 1441 3159 Claudii

81 3191 219 3251 Caesaris
241 3193 371 3266 Augusti
392 3193 429 3250 el.
451 3191 573 3252 Sueten.
596 3191 693 3250 Claud.
708 3194 741 3261 2,
763 3193 821 3250 Dio
843 3194 889 3266 60,
905 3195 938 3265 ὃς
956 3196 1024 3268 sust.
1055 3195 1126 3252 Vult.
1148 3200 1178 3252 et
1197 3195 1262 3252 Am.
1288 3226 1327 3238 —
1354 3193 1442 3251 Hune

83 3285 224 3343 credibile
255 3291 301 3343 est
331 3284 493 3344 iudicatum
523 3303 589 3344 esse
621 3287 708 3344 etiam
736 3285 820 3344 iuitio
843 3285 1001 3346 CLAVD.
1014 3287 1053 3362 D,
1074 3305 1140 3346 eum
1162 3305 1277 3348 sacrum
1299 3286 1355 3345 soli
1377 3285 1443 3344 Ioni

82 3380 187 3437 sactum
213 3379 340 3436 natalem
361 3379 514 3438 cuiusdam
536 3379 670 3438 videatur
690 3378 867 3454 significare,
889 3387 918 3439 et
938 3382 1072 3456 proxime
1091 3389 1232 3458 sequatur
1254 3380 1360 3440 natalis
1382 3379 1443 3438 diri

82 3472 214 3548 Augusti
234 3491 262 3531 a.
278 3473 305 3530 d.
328 3472 430 3531 VIIII
453 3481 483 3532 et
503 3471 587 3531 VIII
609 3471 754 3533 kalendas
777 3473 924 3532 Octobres
946 3474 1121 3534 celebratus.

516 3752 536 3817 i.
583 3753 714 3818 DIVAE
737 3751 1006 3821 DRUSILLAE?

83 3939 146 4019 [40]
447 3945 465 4020 [.
484 3990 515 4004 ..
539 3944 654 4021 no]nas
677 3941 796 4010 Iunias.

158 4059 299 4133 Cogitavi
325 4059 362 4118 ds
383 4061 531 4134 Drusilla,
558 4061 627 4137 quia
650 4061 847 4137 propiaquum
875 4061 1002 4137 ailquem
1036 4061 1071 4121 C.
1094 4061 1233 4122 Caesaris
1254 4061 1283 4119 in
1305 4059 1380 4120 actis
1401 4059 1443 4117 iu·

83 4153 215 4212 dinatum
237 4153 328 4212 inisse
350 4161 443 4230 patet,
465 4153 502 4212 de
524 4155 629 4213 ceteris
651 4163 747 4214 autem
762 4155 823 4214 fere
838 4163 956 4215 constat
970 4155 1016 4214 hie
1038 4174 1095 4215 non
1116 4157 1176 4232 agi.
1214 4153 1302 4228 Quod
1322 4153 1444 4214 ineatis

83 4249 151 4306 enni
172 4250 211 4307 38
232 4247 316 4306 huius
339 4247 396 4306 diei
417 4249 527 4308 mentio
548 4268 606 4308 nou
621 4257 713 4322 extat,
734 4249 802 4306 inde
827 4249 935 4324 colligo
952 4250 1104 4309 Drusillae
1120 4249 1233 4307 demum
1249 4248 1310 4308 rita
1325 4249 1444 4306 lunatae

83 4349 112 4400 et
131 4347 328 4402 consecratae
351 4345 479 4403 natalem
502 4343 646 4404 celebrari
662 4347 799 4420 coeptum
814 4360 895 4403 esse:
915 4344 953 4403 ei.
974 4350 1043 4404 aeta
1063 4362 1089 4406 a.
1107 4347 1159 4418 383
1182 4342 1304 4404 Sueten.
1322 4343 1380 4402 Cal.
1395 4343 1433 4400 24

84 4435 140 4495 Dio
162 4437 211 4510 59,
230 4437 262 4494 ll
286 4443 341 4496 eet.

459 4713 492 4785 lu.
537 4717 802 4787 AGRIPPINAE
825 4716 1069 4784 AUGUSTAE.

86 4911 125 4978 b'i
150 4911 193 4976 58
438 4907 516 4973 VIII
538 4905 640 4990 idtus)
662 4905 901 4992 Novtembres).

166 5029 211 5088 CI.
227 5031 300 5108 fasti
321 5027 424 5085 Antiat.
