3644 5592
691 309 768 365 Nero
788 309 928 366 Claudiur.

283 1303 452 1378 tlalendie)
473 1302 663 1377 ianuarum)

136 1409 169 1470 L.
193 1407 322 1471 Salvius
344 1402 427 1470 Otho
453 1405 591 1467 Titianus
608 1402 630 1486 ι)
650 1423 710 1484 pro
733 1405 879 1484 nrcmisrro
903 1401 1024 1482 tollenti

179 1509 312 1574 fratrum
335 1507 497 1572 Arvalium
518 1509 638 1570 nomine
659 1510 692 1568 in
716 1507 870 1587 Capitolio

177 1611 218 1674 ob
236 1612 371 1675 alterum
387 1612 638 1686 oo(n)s(ulatum)
654 1610 786 1672 Neronis
800 1609 910 1671 Claudi
924 1609 1098 1686 Carmanis)
1111 1609 1270 1689 damuati)
1284 1604 1489 1680 Germanioi)

178 1715 251 1780 Iovi
273 1713 423 1798 olptimo)
446 1712 612 1798 mlaximo)
635 1711 745 1778 bovem
768 1733 892 1789 murem,
915 1715 1026 1777 luimni
1048 1731 1184 1794 nuceum,
1207 1712 1363 1773 Mineruae

177 1836 321 1900 vaccam,
345 1824 376 1882 et
398 1826 470 1880 aute
492 1819 632 1896 ternplum
655 1837 765 1881 nouom
787 1819 857 1879 diuo
880 1819 1017 1899 Auyusto
1041 1817 1174 1893 monem)

177 1940 300 1986 marem
323 1929 353 1986 et
376 1921 470 1986 dirue
491 1922 649 2016 Augustae
670 1926 827 1998 varmum)
850 1931 878 1984 et
901 1923 972 1984 diuo
996 1921 1127 1984 Claudio
1150 1919 1283 1996 lumnam)
1306 1935 1422 1978 marem

178 2025 367 2090 immolavit.

167 2235 362 2304 Fragmentum
388 2236 486 2292 littoris
509 2237 572 2290 altis
596 2236 660 2289 mill.
680 2237 766 2290 9-12
790 2239 927 2306 rupertum
952 2236 979 2288 in
1003 2237 1083 2288 vinea
1108 2233 1337 2288 Cecoarulliorum
1361 2250 1384 2286 a.
1405 2233 1461 2288 lero

495 2326 572 2390 1858,
590 2342 661 2380 nuno
680 2323 753 2396 apud
773 2323 909 2392 Angelum
929 2324 1135 2393 Pellegrinium.

207 2438 363 2509 Deseripei.
394 2438 477 2492 Edidi
496 2441 523 2493 iu
543 2442 612 2493 Anu.
639 2444 699 2493 inat.
718 2442 791 2493 arch.
843 2444 871 2492 ut
899 2439 933 2491 ad
958 2455 1056 2492 annum
1080 2441 1114 2494 57
1142 2439 1322 2505 Fragmentum
1350 2438 1490 2502 toleratur,

143 2527 207 2581 1858
226 2543 253 2596 p.
265 2527 298 2580 51
319 2543 352 2579 ex
372 2527 531 2598 apographo
551 2528 721 2596 Pellegrinii.
844 2543 897 2597 quo
911 2525 987 2580 Nero
1006 2531 1103 2580 iterum
1123 2525 1215 2579 faeces
1234 2527 1332 2592 genuit.
1369 2525 1490 2578 Littera-

209 2613 341 2668 Dubitavi
362 2615 426 2668 olim
446 2631 480 2668 au
499 2615 791 2686 reiarripoasetlrag-
843 2631 900 2669 rum
928 2619 1017 2668 autem
1046 2613 1119 2685 quod
1147 2613 1265 2667 altitudo
1284 2612 1377 2684 paullo
1405 2614 1492 2665 minor

141 2708 260 2756 mentum
279 2701 314 2755 ad
333 2719 356 2756 a.
370 2705 412 2767 69,
433 2721 486 2773 quo
501 2703 592 2757 Galba
609 2705 706 2758 iterum
727 2720 791 2757 oon·
844 2707 886 2756 est
905 2719 984 2773 quam
1008 2705 1035 2756 iu
1055 2703 1156 2756 caterio
1180 2701 1251 2755 actia
1275 2703 1337 2754 anni
1360 2701 1406 2760 57,
1431 2715 1490 2753 oum

143 2789 183 2842 eui
203 2797 233 2842 et
253 2789 363 2844 Salvius
383 2790 456 2846 Otho
471 2791 598 2845 Titianus
618 2791 708 2844 denuo
729 2808 791 2861 pro·
844 2792 931 2846 torma
950 2791 1049 2845 similis
1069 2791 1118 2854 eit,
1139 2805 1192 2843 nou
1213 2787 1337 2851 offendit,
1357 2804 1417 2840 oum
1439 2787 1491 2840 hoo

142 2880 272 2946 magister
296 2887 354 2931 erat
382 2879 426 2946 (ol.
451 2897 475 2934 o.
489 2879 546 2948 69),
572 2879 621 2932 sed
649 2879 790 2932 breviores
843 2881 1023 2948 fragmentum
1046 2879 1073 2932 in
1097 2878 1188 2949 priora
1215 2874 1310 2929 tabula
1329 2875 1408 2930 huius
1428 2875 1490 2928 anni

142 2981 238 3018 uorsus
264 2971 328 3019 sunt
354 2983 434 3036 quam
461 2967 506 3036 qui
530 2967 640 3020 tabulae
667 2968 731 3020 anui
757 2969 791 3023 69
842 2968 932 3032 fuerit,
953 2973 1045 3021 cetera
1063 2969 1090 3020 in
1110 2967 1204 3020 altera.

142 3069 204 3106 esse
218 3054 335 3124 possint.
359 3050 420 3107 Nec
434 3053 557 3123 intellegi
572 3061 666 3126 potest
681 3055 790 3110 Claudii
914 3056 933 3121 ¹)
952 3055 985 3109 L.
1012 3053 1099 3109 Salvii
1124 3053 1241 3109 Othonia
1265 3052 1370 3106 'litiani
1393 3067 1491 3104 nomon

141 3140 301 3196 consulatue
312 3139 389 3206 alter,
407 3141 478 3210 quod
489 3158 513 3196 a.
523 3141 557 3196 42
570 3159 624 3212 quo
636 3143 681 3196 hio
695 3145 790 3196 iterum
842 3143 944 3214 recepi,
964 3141 1038 3212 quod
1057 3143 1139 3195 nimis
1158 3142 1249 3196 breuia
1263 3141 1419 3194 alliceretur
1432 3155 1490 3192 vor-

142 3229 239 3282 oonsul
258 3229 323 3293 luit,
348 3227 467 3282 nondum
488 3229 558 3282 inter
578 3229 657 3284 divos
676 3236 790 3301 recepte
842 3247 889 3286 sua
909 3229 945 3283 Μ.
966 3229 1051 3284 Salvii
1071 3229 1190 3285 Othonia
1209 3229 1318 3282 nomina
1338 3225 1469 3280 admisso.

142 3325 196 3370 urat
216 3315 290 3370 Iulia
307 3317 434 3386 Augusta
458 3317 504 3385 (ol.
523 3333 547 3370 a.
566 3317 618 3385 43).
661 3315 792 3387 Sequitur
