3644 5592
267 309 325 352 vm
871 281 1030 337 Exordium.

271 460 428 542 Cornelio,
452 457 584 522 Manilio
601 454 774 520 Arvalibus
789 460 924 538 possunt
944 453 1075 518 nomina
1095 454 1258 540 accepisse
1277 454 1309 538 ¹).
1349 453 1505 520 Videntur
1528 453 1636 535 igitur

271 561 463 642 cognomina
489 559 688 643 publicorum
715 557 755 622 ab
784 557 824 620 iis
851 556 958 639 potius
981 555 1130 620 derivata
1158 575 1244 639 esse,
1267 575 1286 620 e
1312 577 1447 638 quorum
1477 575 1573 620 maun
1591 556 1638 632 ⁸in

272 664 427 728 tonsillam
451 661 613 747 publicam
635 659 829 724 transierant
839 655 874 741 ¹).
919 657 987 721 Nec
1006 657 1144 740 singulis
1159 657 1473 740 sacerdotibuspsed
1490 657 1635 738 collegio

271 767 422 830 universo
450 763 569 847 publici
601 746 720 826 addicti
750 766 855 842 erant,
884 760 925 822 ob
954 779 1090 841 eamque
1118 779 1249 824 causam
1284 763 1387 823 allecti
1417 759 1566 824 dicuntur
1588 761 1640 821 ad

270 872 389 949 fratres
404 864 569 946 Arentes⁸)
591 871 622 928 et
644 863 837 944 adleguntur
861 867 916 925 aut
938 880 977 925 ex
1000 859 1113 925 litteris
1136 861 1244 925 missis
1267 861 1308 925 ab
1332 859 1580 944 imperatoribus
1595 861 1635 942 ⁴),

272 975 308 1032 ut
340 975 372 1033 et
405 969 493 1051 ipsos
521 965 706 1030 sacerdotes
736 965 778 1028 ab
809 963 858 1027 bis
890 964 1128 1027 commendatos
1158 981 1230 1027 esse
1264 963 1444 1028 videbimus
1459 963 1494 1047 ⁵),
1531 969 1586 1027 ant
1612 981 1639 1025 a

273 1071 436 1151 magistris
464 1069 515 1133 uel
542 1066 766 1152 promagistris
795 1065 923 1147 eollcgii
939 1064 972 1147 ⁶),
1002 1065 1064 1128 nisi
1093 1065 1175 1128 sorte
1205 1065 1254 1128 bis
1282 1065 1385 1128 solum
1410 1071 1479 1129 erat
1506 1065 1556 1128 ius
1578 1085 1637 1148 pu-

272 1171 373 1234 blioos
404 1190 463 1254 pro
496 1177 639 1252 tempore
673 1166 899 1232 substituendi.
945 1167 1058 1248 Neque
1086 1166 1208 1250 publici
1237 1166 1279 1231 ad
1311 1167 1481 1249 collegium
1515 1165 1635 1230 adlecti

274 1269 405 1336 exibant
432 1291 471 1335 en
500 1271 654 1336 universa
683 1268 808 1333 familia
837 1268 981 1352 publica,
1006 1269 1102 1332 immo
1127 1269 1174 1332 ita
1196 1269 1228 1332 in
1252 1287 1292 1334 ca
1313 1269 1500 1352 manebant,
1530 1275 1565 1331 ut
1590 1266 1634 1330 ad

273 1374 339 1437 alia
360 1373 562 1456 publicorum
578 1370 685 1435 cilicia
699 1371 1043 1454 promoveripossent3
1068 1379 1102 1434 ut
1118 1371 1242 1455 Carpus
1259 1371 1405 1455 publicus
1421 1369 1635 1435 Cornelianus

274 1475 316 1538 ad
339 1474 466 1538 tabulas
489 1473 692 1556 quaestorias
715 1471 977 1536 transcribendas
1000 1479 1167 1555 promotus
1190 1479 1239 1537 est
1254 1472 1289 1557 ⁷).
1331 1473 1506 1536 Arvalibus
1528 1479 1636 1536 autem

275 1597 338 1640 non
358 1577 391 1639 in
411 1575 512 1639 sacris
534 1575 630 1638 modo
646 1573 766 1657 publici
781 1579 909 1655 praesto
926 1580 1026 1656 erant,
1052 1573 1110 1638 sed
1128 1574 1161 1637 in
1177 1574 1273 1639 rebus
1289 1593 1417 1657 quoque
1434 1575 1561 1656 collegii
1579 1573 1634 1636 ad·
1658 1607 1666 1616 ·

274 1677 501 1760 ministrandis,
526 1675 612 1754 unde
632 1677 788 1758 publicam
803 1696 824 1738 a
840 1679 1068 1740 ecncmenturtia
1090 1676 1158 1740 sive
1181 1681 1484 1741 commentariensem
1504 1677 1537 1739 in
1553 1676 1635 1738 actis

274 1781 449 1864 reperimus
464 1777 499 1861 ⁸).
544 1777 637 1856 Quod
673 1784 776 1842 autem
808 1779 985 1840 tabularius
1012 1781 1146 1841 rationis
1168 1780 1339 1843 bustruaria
1353 1779 1378 1863 ⁰)
1413 1778 1529 1843 dicitur
1562 1795 1632 1840 cum

274 1882 411 1966 publicis
434 1880 594 1965 piaculum
619 1879 743 1963 fecisse,
768 1879 801 1943 id
824 1878 952 1942 videtur
975 1879 1118 1945 indicere
1135 1879 1282 1964 publicos
1298 1881 1472 1946 Arvalibus
1489 1877 1635 1942 addictos

274 2003 504 2064 nonnunquam
531 1981 645 2046 eodem
672 1989 816 2064 tempore
840 1980 915 2044 aliis
937 1981 1122 2047 muneribus
1146 1983 1273 2046 iunctos
1297 2002 1368 2047 esse
1385 1981 1439 2065 ¹⁰):
1463 1999 1538 2044 nam
1560 1979 1634 2042 lieet

275 2085 459 2148 nominetur
486 2083 664 2148 tabularius
695 2101 734 2145 eo
763 2083 847 2164 loco,
882 2102 943 2163 quo
977 2081 1143 2150 kalatores
1171 2085 1360 2169 plerumque
1393 2080 1634 2148 commemorari

275 2187 389 2270 solent,
412 2192 478 2249 tum
500 2203 558 2268 pro
583 2183 710 2268 publico
735 2182 876 2248 officium
900 2186 1080 2268 suscepisse
1102 2187 1238 2252 videtur.

361 2289 390 2352 9.
436 2287 608 2350 Kalatores
643 2306 661 2350 e
695 2287 855 2350 contrario
884 2286 989 2352 liberti
1019 2295 1110 2352 erent
1140 2289 1181 2353 ab
1209 2289 1290 2373 ipsis
1317 2286 1462 2372 patronis
1485 2285 1636 2350 fratribus

275 2389 449 2457 Arvalibus
465 2387 508 2451 ad
525 2387 661 2452 osticium
680 2389 798 2454 vocati.
844 2389 882 2453 Id
905 2409 1011 2473 pauca
1032 2409 1116 2471 quae
1139 2396 1311 2475 supersunt
1333 2387 1504 2453 ostendunt
1526 2407 1635 2452 eorum

276 2493 417 2574 nomina,
441 2509 512 2554 cunr
535 2489 632 2553 Bittio
656 2491 792 2554 Proculo
815 2491 920 2574 primo
943 2491 1063 2555 Bittius
1086 2491 1230 2572 Thallus,
1255 2492 1374 2556 deinde
1397 2489 1514 2554 Bittius
1540 2489 1634 2554 Calli·

276 2601 404 2676 stratus,
434 2591 569 2656 Hosidio
600 2599 706 2655 nutem
730 2593 831 2658 Getae
854 2593 1009 2658 Hosidius
1031 2593 1197 2657 Achilleus
1219 2593 1384 2657 kalatores
1407 2591 1535 2657 luerint.
1580 2593 1635 2656 Sa-

278 2695 399 2760 cerdoti
422 2699 528 2757 autem
552 2692 584 2754 in
607 2692 712 2756 locum
729 2694 808 2775 eius,
832 2695 887 2777 qui
910 2695 962 2760 vel
985 2701 1128 2759 mortuus
1151 2700 1220 2759 erat
1242 2695 1294 2759 vel
1318 2695 1441 2758 exierat
1463 2713 1503 2757 ex
1519 2693 1635 2774 allicio,

194 2861 197 2891 Ξ
277 2796 376 2859 alium
398 2791 592 2858 substituere
615 2794 741 2858 licebat.
782 2797 850 2860 lam
873 2817 950 2862 vero
974 2797 1029 2879 qui
1051 2797 1208 2862 kalatoris
1232 2796 1372 2862 officium
1397 2795 1570 2879 obtinebat,
1595 2793 1635 2859 ob

277 2897 442 2961 introitum
469 2915 625 2959 summanr
654 2895 817 2977 quandam
847 2896 927 2962 dare
956 2898 1095 2963 debebat
1121 2918 1217 2963 arcae
1240 2899 1378 2982 collegii,
1401 2917 1506 2981 neque
1529 2903 1637 2960 tamen

278 3020 349 3064 cunr
372 2999 455 3062 alius
478 2997 519 3061 ab
541 2995 655 3062 ecdem
671 2996 784 3062 Arvali
799 2998 929 3062 kalator
944 3000 1197 3082 substitueretur,
1221 3001 1250 3066 ei
1268 3021 1394 3084 quoque
1416 3019 1540 3066 summa
1560 2997 1637 3078 legi-

276 3103 356 3166 tima
382 3099 554 3184 pendenda
580 3105 664 3182 erat;
692 3118 766 3162 nam
794 3099 924 3164 kalator
953 3120 1011 3184 pro
1040 3107 1218 3166 accessione
1245 3103 1424 3168 habebatur
1451 3099 1636 3178 sacerdotis,

278 3222 428 3284 annoque
453 3201 515 3265 120
529 3201 740 3265 decreverunt
761 3203 898 3266 Arvales
921 3205 1016 3266 cernel
1036 3205 1074 3266 ob
1096 3208 1256 3268 introitum
1278 3208 1391 3286 inferri
1414 3203 1547 3288 {debere
1567 3205 1637 3264 licet

277 3302 517 3389 attractabatur
541 3307 580 3369 ab
602 3304 708 3366 eodem
729 3306 893 3368 sacerdote
913 3305 1212 3391 substitueretnr¹').
1247 3306 1328 3372 Inde
1349 3307 1423 3371 licet
1445 3303 1637 3369 concludere

277 3407 415 3489 singulis
438 3406 590 3471 fratribus
607 3413 736 3489 praesto
753 3405 852 3470 fuisse
868 3407 1033 3472 kala-tores
1049 3408 1196 3490 singulos
1213 3409 1254 3472 ab
1271 3408 1350 3492 ipsis
1366 3413 1500 3490 creatos,
1518 3405 1636 3487 quique

277 3510 311 3572 in
339 3509 419 3572 actis
442 3527 540 3591 saepe
567 3507 737 3572 traduntur
765 3508 895 3591 piacula
925 3508 1040 3574 secisse
1070 3510 1110 3574 ob
1142 3511 1261 3575 ferrum
1288 3511 1420 3574 inlatum
1444 3509 1496 3573 vel
1518 3507 1636 3572 elatum

277 3611 454 3696 scripturae
486 3616 516 3673 et
548 3610 730 3692 scalpurrae
765 3609 930 3690 magisteri
964 3611 1100 3676 alicuius
1133 3613 1357 3697 consummati,
1399 3631 1454 3676 eos
1491 3610 1635 3693 ipsomm

278 3713 511 3795 magistrorum,
536 3709 576 3774 de
592 3730 727 3793 quorum
743 3710 823 3774 actis
839 3711 957 3796 agitur,
973 3711 1138 3778 kalatores
1154 3713 1255 3779 fuisse
1271 3713 1417 3798 exemplo
1434 3710 1637 3777 confirmatur

278 3813 402 3876 Hosidii
426 3813 572 3898 Achillei,
597 3813 651 3895 qui
675 3812 715 3877 ob
739 3813 958 3894 magisterium
981 3814 1109 3879 Hcsidii
1134 3816 1236 3881 Getae
1259 3815 1421 3898 piaculum
1443 3815 1519 3879 lecit
1535 3811 1583 3896 ¹²).

1497 3961 1634 3970 ———-

351 4018 367 4086 ¹)
388 4017 426 4070 cl.
451 4023 516 4070 ueta
544 4018 647 4070 uelutis
673 4017 745 4082 Titi,
770 4017 931 4083 Domitiani,
985 4024 1049 4072 eta
1076 4021 1136 4083 219,
1155 4020 1180 4075 5.
1227 4019 1327 4073 Scriba
1350 4018 1463 4087 collegii
1492 4015 1636 4070 Arretium

277 4104 436 4159 Hadriam·
981 4122 1148 4175 quamquam
1184 4105 1323 4160 admissus
1356 4123 1373 4158 a
1402 4105 1521 4158 Marinio
1553 4103 1635 4168 (Arc-

347 4191 368 4256 ²)
388 4191 423 4244 ci.
443 4192 596 4245 Mommsen
616 4191 806 4245 Stantereelul
826 4208 852 4261 p.
866 4193 929 4247 252.
981 4208 1007 4261 p.
1022 4195 1098 4244 xxn
1119 4197 1148 4244 et
1165 4194 1227 4254 810)
1247 4199 1275 4245 et
1296 4191 1486 4262 Marqnardtio
1506 4191 1549 4256 (ll.
1565 4193 1596 4240 A.
1610 4189 1636 4244 4.

351 4277 372 4346 ⁸)
393 4295 417 4330 a.
436 4278 469 4332 87
490 4295 515 4348 p.
529 4279 554 4340 2,
569 4279 610 4333 14.
982 4295 1008 4346 p.
1021 4279 1085 4343 411)
1106 4279 1187 4332 titulo
1207 4277 1326 4332 debetur
1344 4279 1439 4350 spurio
1466 4277 1591 4342 (Reiues.
1612 4279 1638 4334 1,

347 4365 369 4431 ⁴)
390 4385 413 4418 a.
437 4367 486 4418 101
510 4366 568 4418 tab.
587 4367 613 4428 2,
632 4367 757 4435 bseqq.;
783 4366 834 4420 118
857 4380 884 4434 ρ.
902 4365 928 4428 2,
982 4366 1046 4428 157;
1062 4365 1161 4418 Mariui
1175 4365 1231 4420 tab.
1244 4365 1339 4420 LXIV
1350 4381 1384 4418 ex
1395 4381 1484 4434 aeque
1496 4363 1542 4419 Or.
1553 4365 1636 4424 24363

281 4455 315 4508 22
329 4469 407 4522 seqq.
981 4451 1016 4504 cl.
1036 4451 1191 4504 Mommsen
1212 4451 1235 4504 Ι.
1254 4451 1290 4506 Ν.
1310 4453 1360 4506 097
1373 4452 1411 4514 1).

281 4599 286 4606 ,
350 4541 370 4608 1)
390 4540 425 4593 cl.
447 4538 480 4592 ad
502 4542 566 4591 acta
585 4539 804 4609 cooptationum.
1055 4539 1075 4603 Ι)
1096 4554 1120 4590 e.
1139 4525 1223 4603 2185,
1242 4540 1285 4593 40.
1305 4539 1348 4592 42.

348 4633 369 4695 ⁸)
390 4647 413 4681 e.
444 4624 507 4689 155,
534 4625 568 4680 m
588 4641 682 4694 seqq-3
710 4626 744 4680 ci.
772 4642 869 4683 comm.
894 4625 930 4679 ad
1056 4625 1087 4691 Ι1)
1107 4623 1143 4678 cl.
1168 4631 1259 4678 tamen
1284 4641 1381 4680 comm.
1401 4622 1435 4676 ad
1456 4627 1521 4676 acts
1540 4621 1634 4692 piacu-

280 4723 345 4771 aeta
363 4715 530 4769 adlectionis
550 4719 579 4765 et
597 4711 815 4766 srrbstitutiouis.
984 4711 1068 4764 lorum
1089 4711 1125 4764 cb
1146 4711 1209 4765 sarri
1231 4710 1391 4764 inlaticuem
1413 4711 1556 4764 laetorum.

349 4805 369 4872 1)
391 4819 415 4857 a.
441 4803 497 4866 155,
516 4801 551 4858 64
564 4817 643 4871 seqq.
1055 4797 1088 4861 ΙΙ)
1106 4813 1131 4855 s.
1150 4799 1210 4864 120,
1228 4797 1342 4853 45-48.

347 4889 368 4960 1)
389 4905 413 4943 a.
436 4889 524 4956 arta,
542 4887 567 4943 4.
584 4889 629 4952 113
648 4889 700 4943 218
709 4889 732 4954 b,
748 4889 798 4952 3ος
821 4887 881 4954 220,
898 4889 930 4954 8;
1054 4883 1086 4956 ¹¹)
1106 4884 1141 4940 cl.
1162 4901 1186 4943 a.
1206 4885 1265 4954 120,
1284 4883 1398 4940 57-61.
