3592 5598
698 299 773 355 Vota
791 315 888 354 annua.
1403 305 1461 372 107

123 477 218 552 patres
240 473 369 550 scripsit,
389 472 555 552 adsumptis
576 473 712 534 omnibns
731 473 938 549 imperatorum
959 473 1051 532 titulis
1073 471 1103 550 (l.
1124 492 1150 534 e.
1170 471 1216 548 ts,
1236 475 1283 550 il:
1304 492 1399 553 neque
1419 483 1463 538 te·

123 585 182 626 uren
204 573 274 626 vota
292 585 346 644 pro
378 570 473 629 salute
503 569 565 626 eins
590 573 729 644 suscepte
749 571 819 626 sunt
837 566 895 624 nisi
914 565 1010 642 pridie
1032 566 1097 626 idne
1117 568 1222 644 Iulias,
1242 587 1300 646 quo
1322 568 1369 630 die
1389 571 1464 630 inter

123 661 238 721 sodales
259 663 478 722 Antoninianos
500 662 636 738 (Henren
651 661 739 739 6053)
760 669 790 722 et
810 659 981 720 sacerdotes
1001 661 1030 720 in
1052 662 1125 721 sede
1139 663 1220 723 Iovis
1236 665 1465 742 propugnatoris

123 759 311 818 consistentes
336 757 407 834 (ibd.
430 759 517 830 6058)
539 757 724 833 Elagabalus
754 761 910 832 cooptatus
942 760 995 814 est.
1038 755 1166 818 Constet
1196 759 1284 834 igitur
1313 765 1383 818 rote
1410 777 1464 836 pro

124 853 201 910 noris
222 852 447 928 imperatoribus
468 852 583 910 minime
606 853 673 929 ipso
703 852 750 910 die
781 851 895 928 imperii
925 859 1094 926 nuncupate
1113 869 1189 926 esee,
1219 851 1343 930 ideoque
1364 871 1467 931 qnam.

122 965 204 1023 qoem
225 943 407 1006 Gordianum
428 948 486 1005 ianr
507 965 531 1006 e.
554 947 581 1006 d.
602 946 635 1006 X
655 946 797 1006 kalendas
817 945 911 1004 Iulias
932 945 999 1004 anni
1020 947 1075 1004 238
1096 946 1258 1023 imperasse
1278 949 1386 1006 seimus
1414 946 1464 1024 (ci.

123 1042 339 1114 Cod.2,10,2
369 1048 399 1100 et
424 1041 607 1116 Borghesins
640 1042 715 1099 Ball.
745 1060 810 1117 πομ.
840 1061 867 1098 π.
899 1039 957 1100 al
989 1058 1017 1116 p.
1038 1042 1085 1115 45,
1109 1060 1173 1118 opp.
1194 1045 1212 1102 5
1232 1059 1261 1118 p.
1282 1043 1362 1118 488),
1395 1049 1466 1102 rota

122 1153 174 1213 pro
206 1136 303 1193 salute
332 1136 395 1192 eins
427 1135 555 1194 dubitari
584 1141 694 1214 potest,
726 1153 794 1194 num
824 1152 923 1194 mense
945 1135 1031 1193 Iunio
1057 1141 1228 1212 nuncupate
1249 1137 1315 1195 sint.
1356 1136 1464 1210 Quem·

121 1249 204 1308 qnam
226 1235 338 1288 certum
358 1237 404 1287 est
424 1247 580 1306 perperam
602 1231 740 1288 statuisse
760 1228 915 1288 Merinium
936 1227 976 1306 (p.
998 1227 1066 1306 tot)
1088 1233 1238 1306 protracto
1269 1231 1307 1289 ad
1338 1231 1464 1290 medium

121 1324 235 1384 circiter
263 1340 391 1382 mensem
421 1323 526 1381 lulium
549 1323 676 1400 Pupieni
707 1342 742 1383 ae
769 1323 890 1383 Balbini
910 1323 1033 1399 imperio
1053 1341 1079 1383 a.
1101 1323 1129 1382 d.
1150 1323 1196 1383 VI
1222 1325 1288 1384 idus
1310 1328 1464 1402 Augustas

122 1425 186 1476 rota
205 1434 261 1493 pro
282 1415 435 1476 Gordiano
458 1425 598 1494 suscepta
618 1435 694 1478 esse.

193 1513 240 1570 De
250 1511 324 1588 ipsis
336 1513 427 1571 sacris
438 1511 626 1571 obseruanda
637 1511 795 1572 suntbaec.
815 1511 893 1571 Vota
908 1530 933 1570 α.
946 1510 973 1570 d.
987 1511 1040 1570 111
1052 1529 1143 1572 nonas
1159 1513 1311 1572 Ianuarias
1323 1521 1465 1591 suscepta

120 1625 181 1666 cunr
195 1615 288 1666 morte
309 1607 492 1683 imperatoris
512 1607 594 1666 irrita
614 1607 696 1666 lacte
715 1613 825 1682 essent,
837 1609 865 1666 in
878 1625 977 1665 eornm
987 1607 1084 1666 locum
1096 1614 1164 1666 vota
1175 1625 1229 1684 pro
1245 1626 1320 1667 noro
1332 1609 1464 1686 principe

120 1704 314 1778 susceperunt
332 1707 362 1759 et
375 1701 412 1759 ob
434 1718 470 1758 eu
483 1701 683 1774 immolarunt,
703 1700 732 1759 id
755 1701 834 1777 qnod
855 1703 943 1778 plene
964 1701 1066 1762 dicunt
1087 1709 1156 1762 ecte
1177 1700 1313 1776 Othonis,
1333 1711 1462 1779 prseter-

120 1797 236 1857 mittunt
249 1795 408 1872 Elagabeli
427 1803 456 1854 et
470 1795 613 1853 Gordiani
633 1797 662 1854 in
684 1796 759 1855 rotis
774 1795 935 1854 referendis
951 1813 1004 1872 pro
1020 1795 1104 1854 bnins
1126 1795 1232 1855 aetatis
1253 1797 1463 1858 consuetudine

119 1889 299 1950 brevissima.
339 1889 384 1947 Dc
404 1888 573 1949 Domitiano
594 1891 694 1968 paullo
714 1892 799 1950 aliter
818 1908 865 1949 res
888 1909 920 1949 se
948 1890 1047 1950 babet.
1088 1889 1169 1950 Vota
1192 1891 1269 1949 enirn
1293 1909 1394 1952 mense
1414 1893 1462 1952 Ie-

120 1985 220 2044 nnerio
249 1985 330 2043 lacte
359 2002 425 2043 cum
457 2001 513 2042 non
543 2003 598 2062 pro
629 1986 693 2060 solo
722 1986 899 2062 imperatore
931 1985 1070 2044 defuncto
1092 1992 1259 2061 nuncupata
1280 1989 1389 2059 essent,
1409 1986 1467 2046 sed

119 2095 210 2156 neque
233 2079 412 2154 pertinerent
431 2079 470 2137 ad
490 2078 688 2139 Domitianum
711 2077 872 2139 Caesarem
898 2079 947 2156 (cl.
969 2087 1039 2139 acta
1058 2097 1084 2137 e.
1106 2081 1166 2154 81),
1196 2085 1288 2137 morte
1308 2077 1367 2137 Titi
1388 2080 1463 2140 Ces·

120 2175 193 2232 saris
217 2189 255 2232 ex
275 2179 359 2249 parte
380 2179 492 2232 tantum
513 2173 596 2232 irrite
615 2174 695 2232 laete
715 2180 789 2234 sunt.
829 2173 957 2233 Arvales
979 2172 1068 2248 igitur
1087 2180 1118 2232 et
1139 2190 1193 2250 pro
1223 2171 1345 2250 imperio
1366 2173 1464 2234 Domi·

118 2267 186 2326 tieni
208 2285 286 2326 nora
305 2273 375 2325 rote
395 2275 594 2344 conceperunt
623 2275 653 2326 et
682 2267 785 2327 eodem
816 2275 948 2345 tempore
969 2268 1069 2344 priore
1088 2267 1144 2326 diis
1164 2266 1405 2326 commendarunt
1424 2269 1463 2328 ob

119 2377 240 2438 eamque
260 2377 321 2418 rem
341 2359 459 2418 easdem
481 2361 614 2421 victimas
636 2362 835 2435 immolarunt,
862 2363 969 2439 quibus
995 2363 1152 2422 immolatis
1173 2365 1245 2420 vota
1264 2362 1463 2422 solvebantur.

119 2457 181 2516 Diis
200 2455 378 2532 Capitolinis
391 2473 426 2513 ee
437 2453 533 2516 Saluti
543 2456 682 2533 publicae
697 2455 817 2516 additur
833 2455 1141 2532 geninsimperatoris,
1158 2456 1204 2514 cni
1218 2462 1318 2514 taurus
1336 2473 1373 2514 ex
1383 2475 1463 2517 more

118 2551 297 2610 immolatur:
320 2549 407 2624 genio
429 2555 525 2609 autem
546 2551 686 2628 principis
700 2551 789 2612 etiam
800 2551 875 2610 alias
886 2569 941 2627 pro
953 2551 1048 2610 salute
1060 2551 1122 2610 eins
1134 2550 1316 2610 sacrificetur
1335 2551 1384 2625 (ci.
1396 2559 1465 2611 acta

118 2646 296 2722 pertinentia
316 2642 355 2702 ad
375 2661 461 2702 sacre
480 2661 533 2720 pro
556 2646 650 2704 salute
665 2645 828 2722 principum
844 2653 928 2704 extre
942 2645 1074 2704 ordinem
1095 2645 1174 2704 secte
1188 2663 1217 2720 p.
1229 2646 1265 2703 85
1280 2645 1387 2722 seqq.),
1407 2645 1464 2705 etsi

116 2741 144 2799 in
164 2739 244 2800 rotis
265 2739 368 2798 annuis
387 2738 483 2797 locum
504 2755 561 2798 non
581 2739 698 2800 babeat.
718 2774 755 2786 -
775 2741 835 2801 Pro
857 2741 951 2800 salute
968 2737 1095 2800 Othonis
1117 2747 1187 2800 rote
1206 2747 1376 2816 nuncupate
1396 2747 1464 2800 sunt

116 2835 190 2910 Ioui,
211 2834 327 2909 Iunoni,
347 2835 507 2907 Minervae,
528 2831 633 2910 Saluti,
655 2843 811 2912 praeterea
836 2835 903 2894 diro
926 2839 1076 2910 Augusto,
1097 2833 1182 2892 dirae
1203 2835 1374 2910 Augustae,
1395 2833 1464 2894 diro

116 2929 256 3002 Claudio;
279 2929 392 2988 seilicet
411 2928 535 2987 vidimus
555 2928 583 2987 iu
605 2931 783 2989 cenninibus
804 2937 938 2990 votorum
959 2931 1013 2988 sub
1029 2927 1112 2988 Iuliis
1126 2927 1319 3004 Claudiisque
1340 2929 1462 3005 impera·

114 3025 229 3083 toribus
250 3023 414 3081 numinibus
438 3023 614 3099 Capitolinis
636 3025 720 3084 diros
742 3041 858 3100 semper
878 3023 996 3083 additos
1026 3041 1102 3098 esse,
1133 3024 1187 3082 snb
1208 3022 1319 3082 Flauiis
1340 3024 1463 3100 impera·

115 3119 229 3180 toribus
258 3117 289 3176 id
310 3117 442 3176 desiisse.
476 3151 508 3160 -
540 3118 613 3178 Cum
645 3120 719 3178 volis
752 3120 854 3178 sunnis
884 3137 938 3196 pro
969 3119 1066 3178 salute
1087 3117 1246 3192 Elagabali
1271 3123 1302 3176 ct
1321 3116 1466 3178 Gordiani

115 3212 264 3290 susceptis
284 3211 443 3271 coniuncte
464 3219 531 3272 sunt
551 3221 620 3273 rota
640 3213 822 3285 decennalia,
843 3231 920 3289 quse
941 3229 1016 3271 anno
1036 3213 1092 3270 218
1113 3218 1184 3271 note
1203 3229 1258 3288 pro
1289 3212 1354 3270 solo
1384 3213 1463 3290 prin·

114 3309 179 3384 cipe
211 3313 382 3384 nuncupate
411 3322 476 3365 esse
507 3306 622 3365 omissis
655 3307 721 3366 ssia
741 3307 820 3366 Iulia
838 3308 942 3366 Maesa
961 3306 1106 3382 domoque
1127 3322 1235 3364 eorum.
1276 3306 1321 3366 De
1341 3307 1377 3365 iis
1397 3307 1464 3383 Die,

114 3421 179 3462 cum
211 3409 299 3462 antee
327 3401 357 3458 in
387 3399 556 3459 decennium
586 3401 738 3478 imperium
768 3401 798 3460 in
828 3401 996 3477 provincias
1029 3417 1097 3459 snas
1122 3404 1289 3476 Augustum
1312 3402 1464 3478 accepisse

113 3497 280 3558 narraverit
292 3497 351 3573 (53,
364 3497 422 3571 13),
443 3495 546 3555 scribit
564 3495 623 3554 sic:
643 3496 700 3572 τῆς
718 3497 792 3574 γοῦν
813 3494 970 3566 δεκαετίας
990 3486 1175 3570 ἐξελθούσης
1195 3485 1274 3551 ἄλλο
1294 3489 1346 3571 ἔτη
1367 3489 1463 3564 πέντε,

113 3582 177 3650 εἶτα
209 3585 306 3659 πέντε,
336 3587 386 3648 καὶ
415 3584 492 3663 μετά
523 3590 614 3647 τοῦτο
642 3585 715 3648 δέκα
735 3585 785 3648 καὶ
806 3584 894 3666 ἕτερα
914 3578 1008 3659 αὖθις
1029 3584 1102 3647 δέκα
1122 3579 1262 3656 πεντάκις
1284 3581 1369 3668 αὐτῷ
1388 3585 1461 3666 ε’ψη·

115 3684 228 3764 ιμὀθη,
250 3675 327 3742 ὥστε
342 3684 379 3764 τῇ
400 3683 460 3742 τῶν
481 3679 703 3758 δεκαετηρίδων
717 3679 847 3762 διαδοχῇ
862 3680 913 3741 διδ
928 3681 999 3758 βίον
1020 3675 1114 3740 αὐτὸν
1126 3683 1331 3758 μοναρχῆσαι.
1346 3679 1396 3740 καλ
1412 3679 1464 3740 διὰ

112 3779 206 3837 τοῦτο
221 3775 271 3836 καὶ
286 3773 313 3836 oi
326 3773 405 3851 μετὰ
425 3775 524 3834 ταῦτα
545 3769 780 3852 αὐτοκράτορες,
802 3773 900 3836 καίτοι
919 3773 1025 3854 μηκέτ’
1044 3772 1074 3843 ἒς
1087 3771 1200 3834 τακτδν
1215 3767 1328 3853 χρόνον
1348 3767 1415 3832 ἀλλ’
1434 3773 1465 3844 (ς

113 3869 216 3931 πάντα
237 3869 384 3941 καθάπαξ
404 3867 457 3929 τὸν
476 3867 544 3944 βίον
564 3863 820 3945 άποδεικνάμενατ,
842 3861 926 3944 ὅμως
945 3866 996 3928 διὰ
1016 3869 1077 3928 τῶν
1097 3863 1171 3926 δίκα
1191 3861 1237 3926 ciri
1257 3865 1333 3928 ε’τῶν
1352 3863 1464 3943 ἓάρτα·

113 3987 173 4025 σαν
195 3960 238 4035 ὡς
257 3962 308 4024 καὶ
323 3962 378 4042 τὴν
397 3957 560 4042 ἡγεμονίαν
579 3952 674 4032 αὖθις
693 3957 761 4024 τότε
774 3959 997 4037 ἀνανεούμενοι.
1018 3959 1171 4020 καὶτοῦτο
1192 3959 1242 4019 καὶ
1257 3964 1310 4020 νῦν
1323 3961 1463 4041 γίγνεται.

113 4062 201 4121 Idem
223 4061 260 4120 de
280 4059 399 4120 Tiberio
429 4057 488 4134 (57,
508 4057 573 4135 24):
603 4051 790 4117 διελθόντων
820 4055 853 4116 δὲ
882 4057 943 4115 τῶν
973 4051 1045 4113 δέκα
1075 4051 1152 4114 ἐτῶν
1176 4057 1230 4132 τῆς
1251 4049 1347 4134 ἀρχῆς
1367 4049 1463 4116 αὐτοῦ

113 4154 322 4236 ψηφίσματος
340 4153 396 4227 μὲν
414 4148 445 4222 ἐς
465 4148 521 4228 τὴν
540 4146 696 4227 ἀνάληψιν
717 4146 814 4227 αὐτῆς
834 4145 957 4218 οὐδενὸς
977 4141 1091 4226 ἐδεήθη
1111 4141 1194 4223 (οὐδὲ
1213 4146 1272 4227 γάρ
1293 4147 1388 4209 ἐδεῖτο
1414 4171 1465 4208 κα·

112 4247 274 4323 τατέμνων
294 4241 398 4324 αὐτήν,
426 4239 528 4323 ὥσπερ
549 4239 565 4305 δ
586 4240 772 4323 Αὔγουστος
802 4238 929 4320 ἄρχειν),
959 4238 977 4322 ἡ
1007 4238 1110 4318 μδντοι
1139 4237 1307 4321 πανήγυρις
1326 4239 1345 4322 ἡ
1366 4243 1465 4303 dexes-

112 4340 201 4422 κηρὶς
222 4340 368 4418 ἐποιήθη,
388 4349 419 4402 et
439 4341 475 4400 de
496 4340 637 4400 decennio
658 4339 749 4400 altero
771 4337 830 4416 (58,
850 4339 916 4414 ill:
940 4333 1018 4412 μετὰ
1045 4331 1197 4395 δὲταῦτα
1219 4335 1357 4396 εἰκοστοῦ
1376 4332 1464 4406 ἔτους

112 4439 169 4511 τῆς
190 4431 289 4513 ἀρχῆς
312 4433 490 4504 ἐπιστάντος
520 4429 613 4504 αὐτὸς
640 4431 705 4508 μέν,
735 4430 834 4492 καίτοι
863 4427 935 4509 περ(
961 4449 993 4489 τε
1022 4426 1057 4488 ed
1084 4426 1232 4506 Ἀλβανὸν
1261 4428 1311 4488 καλ
1340 4428 1407 4506 περὶ
1428 4427 1463 4490 τδ

117 4525 316 4590 Τοάσκουλον
346 4528 522 4606 διατρίβων,
553 4521 608 4586 οὐκ
637 4525 768 4604 ἐσῆλθεν
799 4524 829 4596 ἒς
848 4523 904 4604 τὴν
923 4521 1020 4593 πόλιν,
1047 4518 1074 4582 oi
1094 4523 1123 4581 d'
1143 4517 1254 4584 ὕπατοι
1273 4516 1413 4592 Λοάκιός
1432 4543 1464 4582 τε

117 4619 294 4694 Οὐιτέλλιος
322 4623 370 4682 καὶ
400 4619 519 4697 Φάβιος
548 4618 702 4698 Περσικὸς
729 4617 786 4699 τὴν
815 4615 1015 4696 δεκαττηρίδα
1047 4614 1103 4696 τὴν
1131 4615 1275 4696 δευτέραν
1304 4613 1464 4693 ἑώρτασαν

114 4710 211 4794 (οὕτω
244 4717 302 4796 γάρ
333 4711 439 4796 αὐτήν,
470 4712 536 4776 ἀλλ’
566 4710 620 4774 οὐκ
651 4711 859 4794 εἰκοσετηρίδα
881 4707 1059 4788 ὠνόμαζον)
1091 4706 1132 4781 ὡς
1161 4709 1284 4790 καὶτοήν
1302 4707 1464 4790 ἡγεμονίαν

115 4801 212 4881 αὖθις
232 4808 316 4894 crispi
336 4810 414 4872 κατά
427 4807 481 4871 τδν
491 4803 677 4889 Αὔγουστον
691 4801 836 4876 διδόντες.
864 4807 1079 4886 Imperatorum
1092 4808 1287 4885 posteriorum
1301 4806 1337 4865 de
1358 4805 1464 4865 decen·

116 4907 234 4966 salibus
256 4919 340 4968 notat
360 4904 519 4967 Eckbclins
540 4905 569 4982 (8
592 4923 619 4981 p,
639 4903 707 4979 476)
729 4901 797 4961 nibil
819 4903 896 4962 trudi
917 4907 984 4963 ante
1006 4903 1187 4964 Antoninum
1209 4903 1305 4978 Pium,
1330 4901 1380 4977 qni
1405 4902 1462 4979 pri·
