3592 5598
698 413 775 469 Vota
794 431 892 470 annua.
1427 411 1468 484 95

124 587 272 665 partuum
292 593 361 648 caim
379 591 498 647 minutae
518 589 695 648 membrorum
716 593 833 648 omruiuru
848 599 978 666 proveeta
998 589 1124 646 dicuntur
1148 594 1176 646 in
1198 594 1293 662 oacrio,
1314 608 1383 667 quac
1401 591 1469 665 inse·

127 694 216 742 runnu
235 689 301 744 aria.
342 683 433 743 Plura
462 683 499 742 de
528 683 573 742 his
596 691 712 760 praeter
733 683 889 743 Matinium
910 683 928 742 l.
949 700 974 741 c.
995 689 1026 742 et
1048 684 1269 762 Marquardtnm
1289 686 1323 744 R.
1345 685 1381 744 A.
1402 685 1421 744 4
1441 701 1469 760 p.

127 780 179 839 469
197 779 317 855 collegit
337 775 493 840 Scheiilele
515 778 593 855 apud
614 778 709 854 Pauly
730 780 900 856 Reuleneycl.
921 779 948 853 6,
971 779 984 836 l
1008 796 1037 854 p.
1054 776 1119 838 672.

197 890 356 950 Illustratis
388 891 493 951 aetatis
514 891 672 950 Domitiani
703 891 777 950 antis
808 891 854 966 iis,
881 907 957 967 qnae
978 897 1110 950 votorum
1131 907 1289 950 annuorum
1309 891 1470 968 pleniorem

127 985 261 1046 exhibent
279 983 412 1045 notitiam
432 985 473 1046 ad
494 985 671 1046 documenta
690 985 867 1046 accedamus
887 993 1048 1061 temporum
1070 991 1128 1042 tem
1149 984 1277 1061 priorum
1297 1005 1387 1064 quarn
1404 1003 1470 1063 pos·

126 1081 267 1155 terimam,
288 1079 394 1158 quibus
414 1087 544 1142 actorum
565 1081 708 1159 epitomae
730 1081 813 1160 quasi
834 1080 978 1160 quaedam
1001 1080 1193 1139 eontinentur.
1218 1081 1298 1140 Acta
1312 1080 1386 1139 enim
1402 1097 1470 1140 oon-

128 1181 210 1252 cepta
231 1179 299 1234 aunt
319 1174 379 1234 sio:

128 1318 174 1408 [27
192 1319 273 1386 ΤΙΒ.
291 1320 320 1385 Α
338 1319 379 1385 36
394 1317 446 1406 58]
503 1323 555 1384 ille
577 1321 730 1403 magister
746 1322 770 1406 ¹)
792 1321 907 1404 collegi
926 1321 1056 1387 fratrum
1072 1321 1237 1386 Arvalium
1252 1320 1381 1385 nomine
1396 1322 1472 1382 vota

153 1408 194 1474 59
215 1407 258 1472 60
279 1406 376 1472 NER·
403 1405 427 1472 0
504 1425 699 1510 nuncupavit
715 1445 779 1509 ,pro
803 1425 906 1491 salute
922 1429 1007 1490 illius
1028 1428 1242 1508 imperatoris:
1259 1423 1395 1488 victimis
1417 1421 1473 1485 irrr-

221 1491 348 1560 MARC·
372 1489 407 1578 O]
504 1527 630 1592 mulctis
660 1527 692 1592 in
716 1528 884 1614 Capitolio,
914 1549 996 1614 quae
1024 1529 1198 1614 superioris
1224 1527 1300 1594 anui
1321 1523 1473 1607 magister

504 1637 645 1714 voverat,
662 1627 687 1714 ⁸)
721 1633 874 1716 persolvit
907 1639 937 1696 ct
958 1631 991 1696 in
1014 1632 1193 1716 proximum
1216 1649 1334 1694 annum
1355 1645 1472 1692 nuncu·

504 1733 602 1820 pavit,
618 1733 644 1817 ⁸)
676 1740 850 1820 praeeunte
882 1737 937 1799 iilo
952 1733 977 1818 ⁴)
1009 1735 1043 1799 in
1077 1733 1189 1799 eadem
1204 1733 1229 1818 ³)
1263 1731 1363 1800 verba
1389 1747 1473 1814 quae

505 1835 591 1902 infra
613 1837 732 1924 scriptu
753 1845 836 1906 sunt.
851 1839 876 1924 ⁸)

475 1939 493 2003 ¹)
512 1940 694 2011 prornugietcr
713 1941 745 1996 27
764 1943 805 1998 36,

469 2026 491 2094 ²)
511 2029 633 2096 magistri
653 2035 783 2084 voverant
801 2030 872 2084 ΤΙΒ.
891 2030 915 2084 A
937 2033 978 2088 60.

473 2117 493 2187 ³)
514 2119 678 2188 nuncupavit
697 2119 724 2170 in
743 2135 904 2188 proxumum
922 2135 1020 2174 annum
1039 2120 1084 2182 36;
1114 2117 1357 2188 nuncupavernnlt]
1384 2111 1470 2168 NER.

521 2189 551 2250 ii,
570 2200 598 2240 ut
617 2191 784 2257 muuij¹eatum
796 2193 830 2242 ait
843 2203 922 2243 autea
935 2208 1034 2258 quoque
1047 2193 1076 2242 iu
1094 2191 1136 2242 lrr‘r
1155 2189 1222 2242 actia
1243 2190 1368 2254 seriptum
1380 2187 1471 2253 suisne

522 2263 586 2312 vota
605 2265 829 2330 nuncupaverunt
848 2272 872 2313 et
889 2261 1088 2331 persolverunt.
1126 2257 1160 2311 la
1188 2261 1253 2311 untia
1281 2258 1351 2312 ΤΙΒ,
1378 2257 1402 2308 Α
1429 2257 1472 2308 lric

522 2331 674 2383 inseruntur
694 2333 772 2384 unta
791 2331 859 2400 {lovi
879 2333 1006 2402 otptimo)
1026 2331 1167 2396 m'aximo)
1192 2329 1311 2397 btovom)
1339 2325 1473 2393 marem),

521 2399 619 2456 Iunoni
639 2402 760 2470 reginale
781 2405 924 2468 vaccam),
946 2403 1095 2470 Mlinervnc
1114 2401 1248 2468 vuuessam)
1267 2411 1314 2454 eet.

472 2487 493 2554 ⁴)
513 2491 592 2540 cerlo
610 2493 758 2560 praeeunte
779 2491 826 2542 illo
843 2491 1008 2558 praecedunt
1026 2491 1131 2542 verbum
1151 2487 1316 2558 nuncupavit
1333 2485 1375 2539 27.

475 2577 496 2643 5)
515 2591 549 2629 aa
566 2577 608 2631 ur.

474 2664 497 2728 θ)
516 2665 595 2716 narbo
613 2665 641 2717 in
660 2662 757 2718 eadem
775 2681 845 2734 seqq.
864 2683 913 2717 om.
932 2667 974 2722 60.
1002 2695 1036 2706 -
1063 2665 1105 2718 Er
1133 2667 1199 2718 actis
1222 2663 1303 2717 Nnc.
1325 2661 1414 2714 Onon
1432 2676 1472 2711 rc·

524 2738 699 2788 mariamniae·
717 2737 795 2788 uerbo
814 2777 820 2790 .
839 2773 846 2788 .
865 2778 872 2792 .
891 2774 897 2785 ·
917 2737 1034 2807 periuria
1058 2737 1120 2789 anui
1141 2769 1350 2798 .........
1371 2745 1472 2784 nuncu·

544 2821 644 2860 arernn
672 2845 852 2871 ........
877 2846 884 2859 .
915 2823 985 2876 quae
1022 2799 1092 2861 iutra
1127 2807 1182 2859 acri
1336 2831 1366 2842 -
1404 2804 1473 2854 Aera

556 2877 641 2931 ARO.
661 2875 692 2942 G,
712 2880 828 2944 qrrumuir
846 2879 948 2940 mutila,
966 2880 1090 2931 uidentur
1108 2888 1194 2929 tumea
1210 2877 1333 2929 similiter
1351 2883 1473 2938 conceptu

515 2950 611 3016 finiere,
630 2966 688 3000 cum
706 2958 854 3014 appareant
871 2948 999 3016 reliquiae
1017 2951 1152 3003 uerborum
1168 2947 1328 3014 {ulom[ine]‚
1345 2942 1472 3014 {percoll-

526 3021 563 3072 vit
582 3023 609 3074 ct
627 3021 654 3072 in
673 3021 856 3090 prloximnml.

473 3140 657 3224 magisterio
680 3143 765 3205 itlius
779 3142 993 3227 promagintro
1016 3143 1070 3205 illo
1086 3141 1110 3225 ¹)
1132 3141 1245 3224 collegi
1269 3139 1401 3204 fratrum
1416 3135 1474 3200 Ar-

515 3243 628 3310 ralium
649 3245 778 3310 nomine
810 3250 887 3310 vota
908 3249 1170 3330 nuncupaverunt
1192 3245 1287 3328 (quoe
1306 3249 1475 3324 sequuntur

519 3357 552 3412 ut
564 3347 678 3432 capra)
692 3345 717 3432 ²)
734 3331 771 3413 'iu
795 3367 834 3413 ea
855 3347 955 3414 verba
974 3347 1085 3430 q(uae)
1105 3345 1219 3432 i(nsra)
1237 3342 1475 3429 a(ub)s(cripta)

520 3451 631 3535 s(unt).

477 3555 497 3620 ¹)
516 3556 646 3623 magister
662 3556 710 3608 illo
729 3555 769 3608 75.

478 3641 501 3709 ²)
520 3645 549 3695 in
585 3645 651 3696 actia
687 3661 712 3696 a.
750 3643 782 3698 78
818 3643 914 3713 ἱερέων
948 3643 1064 3696 victimis
1094 3639 1240 3696 immolatio
1271 3639 1297 3693 in
1329 3637 1476 3708 Capitolio,

524 3729 593 3783 qnae
612 3725 658 3768 eet.

126 3814 188 3904 [ll]
214 3817 253 3883 81
280 3813 343 3904 [86]
473 3817 626 3898 magister
657 3819 710 3882 ille
743 3817 858 3902 collegi
887 3817 1019 3882 fratrum
1042 3817 1206 3883 Arvalium
1239 3815 1367 3880 nomine
1399 3819 1476 3878 vota

515 3920 709 4006 nuncupavit
731 3921 1012 4005 (praesequantur
1034 3931 1067 3985 ut
1088 3920 1199 4004 cupro)
1227 3917 1382 4004 persolvit
1403 3916 1474 3982 Iovi

519 4023 667 4110 o(ptimo)
689 4024 858 4110 m(aximo)
879 4025 978 4092 boves
1005 4023 1173 4106 marcell,
1201 4021 1315 4085 Iunoni
1343 4019 1475 4101 reginae

517 4144 632 4191 vaccas
665 4125 755 4210 duae,
789 4127 952 4194 Minervae
979 4147 1095 4194 vaccas
1117 4126 1159 4210 ll,
1194 4124 1295 4190 Saluti
1328 4121 1475 4208 publicae

517 4247 632 4295 vaccae
667 4229 739 4314 11¹)
776 4237 806 4296 et
840 4231 871 4296 in
905 4233 1084 4317 proximum
1117 4249 1235 4294 annum
1267 4223 1473 4309 nuncupavit,

516 4339 691 4417 praeeunte
713 4335 767 4397 illu
782 4333 807 4418 ¹)
840 4335 873 4398 in
906 4335 986 4420 eof)
1018 4333 1118 4399 verba
1144 4351 1227 4416 quac
1249 4326 1475 4410 infrascripta

520 4442 600 4501 eunt.

477 4539 495 4603 ¹)
515 4539 636 4663 clinpuluo
654 4543 767 4624 singulm
785 4543 936 4624 numinibus
953 4542 1125 4594 immolantur
1138 4541 1258 4593 uictimae
1271 4532 1475 4618 iudicaturum:

524 4609 1474 4750 titt(litttlltf”ittttlt'*ttlrtltttnfuttili‘titt

523 4766 573 4804 cue
594 4752 690 4806 bovem
710 4755 852 4820 u[urut]um
871 4756 919 4818 863
949 4773 1020 4806 auno
1042 4756 1111 4806 enim
1129 4753 1163 4808 86
1180 4771 1230 4819 pro
1250 4749 1304 4803 colo
1323 4746 1476 4798 Domitiano

524 4823 649 4889 domoque
667 4827 722 4876 eiua
741 4837 801 4878 uota
812 4828 893 4893 suctu
910 4836 979 4884 aaut,
998 4827 1078 4876 annia
1097 4835 1183 4877 autem
1199 4822 1231 4875 ll
1248 4839 1296 4887 pro
1314 4815 1475 4886 Vespasiano

524 4906 548 4946 et
570 4893 635 4956 Tuo,
654 4895 687 4948 81
702 4915 755 4963 pro
777 4897 834 4948 Tito
853 4908 877 4948 et
895 4897 1049 4948 Domitiano
1068 4911 1204 4960 currumque
1228 4895 1316 4954 ulomu5
1339 4891 1372 4957 cs.
1392 4887 1474 4956 infru.

475 4981 495 5047 ²)
514 4983 592 5034 uerba
609 4987 757 5052 praecunte
777 4994 823 5036 cet.
843 4985 968 5059 deficiunt
986 4983 1028 5038 86.

475 5070 496 5138 ²)
516 5070 606 5122 euclem
625 5069 667 5127 86.
