3592 5598
794 348 920 412 Piaculu.

180 525 240 591 183
529 521 647 590 Vestae
671 545 748 590 oves
770 528 813 593 II.

530 643 648 709 Vestae
672 646 767 710 matri
790 667 868 712 oves
891 647 933 712 ll.

177 763 242 827 224
531 761 649 828 Vestae
672 766 763 828 matri
788 767 894 850 or(es)
916 767 957 832 Il.

533 881 674 971 veatae]
699 883 859 967 dearum>
881 883 1133 969 retromissa
1155 885 1259 968 oues>
1281 884 1323 951 11·

258 1001 347 1075 Quod
370 1003 465 1062 Vesta
485 1001 596 1062 claudit
614 1017 721 1076 agmen
743 1003 892 1061 numinum
923 1023 1021 1064 eorum
1055 1005 1163 1081 quibus
1195 1003 1234 1061 ad
1264 1020 1331 1060 aras
1363 1001 1542 1077 temporales

178 1097 361 1155 immolatum
383 1105 438 1170 est,
458 1103 537 1154 recte
560 1113 591 1153 se
612 1095 716 1167 babet3
738 1097 843 1155 scribit
863 1097 939 1155 enim
963 1096 1070 1156 Cicero
1091 1099 1137 1171 (cte
1158 1099 1233 1155 deor.
1254 1107 1311 1156 nat.
1332 1098 1359 1169 2,
1380 1097 1443 1171 att:
1471 1115 1543 1154 eum-

179 1209 232 1266 que
251 1193 281 1246 iu
300 1191 420 1248 11111411
438 1191 518 1247 rebus
537 1193 591 1246 seru
613 1191 745 1247 baberent
763 1211 919 1248 maternam
935 1195 1030 1266 peirac
1048 1201 1072 1247 et
1090 1201 1219 1261 extreme,
1234 1195 1387 1266 principem
1408 1196 1438 1248 iu
1456 1195 1542 1249 aceri·

168 1285 291 1354 ficando
322 1285 423 1342 Ianum
453 1303 506 1342 ease
535 1283 680 1342 uoluerant
701 1328 821 1342 .....
843 1289 919 1342 Nam
947 1286 1043 1344 Vestae
1071 1305 1169 1343 nornen
1199 1304 1217 1341 a
1250 1284 1365 1343 Graecis
1387 1317 1425 1326 —
1446 1304 1478 1342 ea
1508 1295 1545 1342 eat

178 1382 260 1446 enirn,
281 1397 352 1453 quae
371 1379 405 1434 ab
426 1378 481 1436 illia
496 1371 603 1434 ι111111
624 1379 724 1434 dicitur
750 1409 789 1420 -
817 1382 858 1436 ais
887 1389 978 1436 cutem
1009 1383 1065 1436 eius
1096 1380 1136 1436 cd
1164 1397 1231 1436 cras
1261 1388 1287 1435 et
1306 1382 1390 1453 jocos
1415 1381 1543 1454 pertinet.

178 1473 282 1544 Itaque
300 1475 329 1528 in
349 1491 383 1528 ec
402 1473 464 1539 dea,
485 1472 560 1544 qnod
578 1480 615 1527 est
634 1481 721 1528 creatos
740 1491 830 1528 rerum
847 1475 1023 1542 intenturam,
1044 1477 1130 1530 ornata
1150 1483 1174 1530 et
1188 1475 1314 1547 precatio
1335 1481 1360 1528 et
1378 1475 1544 1546 accreyicatt'o

180 1574 301 1622 anema
320 1575 367 1622 eet.
410 1563 459 1622 cf.
481 1563 587 1622 Marini
608 1583 636 1640 p.
657 1565 715 1622 318
736 1571 766 1622 et
787 1565 921 1623 Preuuer
942 1566 1145 1625 licerio-Vesta
1165 1585 1193 1641 p.
1215 1567 1260 1624 28.

262 1675 359 1734 Vesta
380 1675 501 1734 deorum
521 1675 702 1750 dearumque
718 1692 775 1750 quo
791 1675 878 1733 modo
893 1675 1018 1735 aVesta
1032 1687 1125 1734 matre
1142 1676 1261 1734 diversa
1275 1675 1371 1748 suerit,
1393 1693 1449 1751 ego
1465 1685 1544 1735 certe

182 1787 241 1828 nou
263 1768 420 1845 perspicio.
462 1767 549 1825 lllam
572 1767 718 1825 Masiniss
740 1765 781 1843 (p.
803 1770 872 1844 380)
894 1771 1062 1846 repperisse
1085 1771 1141 1828 sibi
1172 1772 1250 1828 visus
1281 1773 1329 1828 est
1348 1769 1427 1844 apud
1448 1775 1543 1829 Arno-

181 1862 262 1922 bium
284 1861 324 1940 (3,
345 1863 410 1938 32);
434 1865 508 1918 trina
522 1866 635 1936 pariter
655 1866 767 1919 nentina
785 1863 861 1920 euobis
879 1865 1069 1940 interpretibus
1090 1863 1168 1923 nulla
1198 1872 1274 1921 runt:
1303 1865 1557 1933 conderemus·

191 1957 272 2017 Vesta
296 1958 408 2014 deorum
437 1973 492 2012 esse
521 1956 744 2030 corupeucbunrur
772 1961 802 2012 tn
815 1959 910 2032 fastra,
938 1977 994 2017 nou
1021 1961 1084 2033 ipsa
1107 1961 1220 2034 cientque
1240 1959 1335 2016 Meter
1364 1958 1442 2016 eleum
1472 1969 1544 2032 cet.;

183 2050 241 2109 sed
262 2051 416 2124 genetivus
442 2051 563 2118 deornm,
584 2065 670 2124 quem
703 2067 768 2108 curn
796 2050 912 2108 nomine
934 2051 1046 2110 Vestae
1077 2052 1125 2110 ille
1152 2051 1292 2124 conectit,
1322 2051 1545 2126 coniungendas

182 2145 284 2221 potius
305 2143 508 2202 videturesse
529 2161 594 2201 cum
617 2143 714 2200 verbis
740 2146 770 2200 iu
782 2146 876 2217 fastu.
917 2143 1014 2202 Vesta
1045 2158 1142 2204 autem
1172 2146 1223 2203 ubi
1253 2153 1345 2203 mater
1365 2163 1383 2204 a
1404 2143 1546 2204 Romanis

184 2239 363 2314 appellatur,
394 2238 461 2313 ipsa
490 2245 536 2296 est
566 2237 617 2294 illa
639 2253 715 2312 quae
737 2255 754 2294 a
779 2237 948 2296 Vestalibus
974 2239 1079 2298 colitur
1109 2240 1159 2314 (ci.
1180 2239 1295 2314 Vergil.
1319 2239 1419 2315 Georp.
1444 2241 1468 2312 1,
1488 2240 1545 2298 498

185 2332 286 2409 etqui
306 2349 462 2408 perperam
483 2348 502 2390 a
525 2330 661 2390 Prellero
692 2332 799 2390 citatur
828 2332 931 2390 titulus
953 2331 1002 2391 Or.
1026 2336 1110 2408 1181,
1140 2335 1167 2391 in
1190 2349 1248 2410 quo
1278 2334 1411 2409 pontifex
1433 2331 1546 2392 Vestae

183 2427 288 2484 matris
319 2426 435 2484 minime
466 2425 599 2484 diversus
631 2435 677 2483 est
707 2443 725 2482 a
756 2426 893 2501 pontifice
928 2426 1100 2500 simpla-tter
1129 2427 1220 2502 dieto)
1255 2445 1378 2504 eamque
1413 2426 1546 2504 quamvis

185 2519 337 2594 virginem
351 2519 451 2578 indole
472 2528 570 2578 tamen
592 2518 719 2596 quadam
741 2531 873 2578 materna
893 2521 1056 2597 praeditum
1079 2520 1168 2580 tuisse
1190 2538 1284 2596 nuper
1302 2520 1439 2596 exposuit
1454 2519 1546 2577 Prec-

188 2630 277 2672 uerus
299 2614 328 2686 (l.
350 2631 375 2671 c.
397 2631 425 2688 p.
445 2614 502 2671 333
524 2629 606 2688 seqq.
628 2619 659 2670 et
677 2615 734 2672 420
757 2616 860 2690 seqq).
895 2613 993 2673 Vesta
1020 2621 1112 2672 mater
1136 2615 1293 2674 invocatur
1312 2615 1400 2672 etiam
1420 2613 1449 2670 iu
1470 2613 1546 2671 votis

185 2723 264 2764 auno
286 2708 339 2764 101
362 2723 415 2782 pro
436 2706 478 2763 itu
500 2715 530 2764 et
552 2706 649 2764 reditu
671 2705 792 2764 Traiani
814 2708 899 2765 iactis
922 2707 964 2783 (p.
985 2709 1059 2783 124).

263 2819 292 2874 Δ
315 2815 481 2874 numinibus
501 2814 652 2892 hucusque
674 2817 850 2875 enumeratis
872 2834 943 2875 voce
963 2821 1026 2875 item
1056 2823 1212 2893 separetur
1233 2814 1290 2876 dea
1305 2816 1453 2892 quaedam
1467 2817 1547 2877 uarie

183 2909 214 2967 ia
236 2910 311 2969 actis
331 2909 479 2968 indicata.
520 2895 613 2968 llaec'
626 2911 701 2968 euim
723 2919 870 2988 conrepta
890 2919 959 2968 sunt
979 2912 1037 2968 sic:

188 3036 249 3102 183
273 3033 359 3122 1218)
543 3039 735 3104 Adoleudae
764 3037 1014 3104 Commolaudae
1049 3041 1128 3124 (sice
1161 3035 1423 3121 Oommolendae)
1453 3039 1549 3106 Def-

589 3141 711 3206 ruudae
735 3159 812 3206 oves
834 3139 876 3205 II.
893 3139 917 3224 1)

540 3245 560 3307 ¹)
574 3247 666 3312 fracto
686 3244 775 3308 lapide
791 3246 874 3309 periit
893 3259 988 3294 acmen
1017 3243 1086 3311 qnod
1112 3261 1165 3294 uon
1192 3252 1291 3294 corratat
1317 3261 1380 3294 uum
1403 3245 1484 3311 plane
1507 3263 1547 3300 re·

588 3313 726 3438 qqnnbeqtrit
752 3317 854 3364 acarini
881 3315 910 3364 a'rr
938 3316 1005 3366 actia
1035 3316 1100 3365 artui
1125 3313 1175 3366 103
1202 3315 1300 3365 usitate
1318 3312 1385 3378 2165
1412 3331 1548 3382 1111111110)

639 3401 646 3436 1
686 3426 692 3437 .

184 3502 249 3568 224
538 3501 759 3586 Adolend(ae)
781 3501 1042 3588 Coinquenda)
1066 3502 1172 3588 ov(es)
1195 3501 1237 3569 Il.

265 3622 406 3681 Binarios
438 3621 619 3680 victimarum
653 3640 788 3680 rrumerus
821 3623 951 3679 ostendit
981 3622 1018 3680 ele
1049 3641 1106 3680 urrn
1136 3624 1253 3680 numine
1274 3620 1332 3695 agi.
1373 3620 1549 3684 Pertinebat

186 3722 283 3775 autem
304 3716 335 3774 id
356 3716 395 3775 ad
416 3717 511 3792 ipsum
532 3724 638 3787 actum,
660 3725 783 3792 propter
804 3733 889 3790 quem
912 3716 1060 3790 piaculum
1082 3717 1248 3776 laciendum
1271 3724 1344 3789 erat,
1366 3718 1403 3774 ob
1426 3735 1548 3796 eantque

187 3827 306 3868 causam
334 3827 392 3869 uou
419 3811 521 3869 eodem
550 3828 666 3886 semper
693 3809 807 3867 nomiae
835 3810 1052 3884 appellabatur.
1104 3809 1179 3869 Cum
1206 3812 1282 3868 enim
1308 3813 1462 3870 11111183
1489 3815 1549 3886 pia·

188 3905 284 3961 culum
308 3903 392 3963 fieret
412 3906 450 3963 ob
471 3903 558 3962 ficum
578 3905 608 3962 iu
629 3905 749 3978 t'astigio
769 3902 854 3962 aedis
875 3904 1045 3978 eruendam,
1067 3907 1155 3963 arbor
1177 3904 1227 3961 illa
1247 3901 1377 3963 debebat
1398 3906 1492 3980 primo
1513 3905 1550 3962 dc

186 3997 309 4072 fastigio
340 3997 404 4056 tolli
436 3997 563 4074 indeque
596 3998 712 4071 deterri,
734 3995 839 4055 deiude
863 3997 1007 4073 commoti,
1039 3999 1165 4075 denique
1188 3995 1299 4054 adoleri
1321 3999 1382 4054 sive
1404 3998 1550 4056 comburi:

184 4091 280 4164 tribus
310 4091 399 4166 igitur
433 4093 548 4150 actibus
580 4108 645 4150 cum
687 4091 865 4150 consisteret
901 4107 992 4166 opus,
1039 4093 1122 4150 cuius
1153 4090 1312 4149 iucboandi
1352 4092 1396 4148 eei
1428 4090 1552 4165 perlecti

187 4201 280 4243 causa
299 4184 447 4260 piaculum
469 4185 578 4243 iactum
600 4194 655 4258 est,
677 4184 770 4244 tribus
793 4184 963 4243 nominibus
986 4186 1195 4262 appellabatur
1228 4185 1300 4258 dea,
1321 4200 1411 4260 quam
1440 4184 1550 4258 praesi-

188 4277 258 4336 dere
280 4279 363 4354 operi
383 4278 537 4353 putabant.
578 4283 669 4336 Anno
690 4281 795 4336 contra
817 4279 883 4352 224,
905 4295 970 4335 cum
991 4280 1112 4337 arbores
1135 4277 1252 4335 tulniue
1275 4285 1405 4335 attactae
1426 4277 1550 4334 caedec-

190 4371 246 4431 dae
268 4373 355 4430 modo
376 4377 407 4429 et
426 4369 603 4429 cremandae
629 4381 743 4442 essent,
769 4371 807 4428 ab
839 4371 882 4429 bis
910 4371 1025 4428 duobus
1052 4372 1167 4430 actibus
1194 4370 1292 4445 operis
1319 4369 1449 4428 faciendi
1475 4387 1551 4446 quae

189 4465 216 4523 ei
237 4465 430 4541 praesidebat
451 4463 508 4522 dea
529 4464 646 4522 duobus
670 4464 838 4521 nominibus
861 4468 1094 4541 nuncupabatur.
1127 4464 1216 4522 Actio
1237 4473 1334 4520 auteur
1356 4465 1552 4521 commolendi

189 4575 254 4615 cunr
276 4558 305 4615 iu
327 4557 401 4616 actis
423 4559 493 4617 anui
516 4559 572 4616 224
594 4557 684 4615 verbo
716 4557 863 4614 iudicetur
893 4557 1082 4634 coinquendi‚
1115 4555 1172 4613 dea
1202 4573 1320 4631 quoque
1341 4573 1395 4632 pro
1417 4555 1551 4614 Commo·

190 4651 291 4727 lenda,
312 4653 391 4710 utin
414 4652 488 4710 actis
510 4653 579 4709 anui
602 4651 655 4708 183
688 4651 861 4722 continetur,
892 4652 920 4708 iu
952 4652 996 4708 bis
1018 4650 1214 4726 Coinquenda
1245 4663 1374 4708 vocatur.
1416 4649 1552 4708 Ceterum

192 4743 273 4820 apud
294 4762 396 4802 omnes
420 4745 494 4804 satis
515 4753 633 4803 constat
655 4761 691 4801 ex
712 4745 883 4820 pontificum
906 4745 1050 4816 doctriua,
1071 4751 1105 4802 ut
1126 4741 1247 4802 Servius
1275 4743 1327 4818 (ad
1349 4747 1413 4802 rien.
1435 4745 1463 4817 2,
1487 4745 1552 4818 141)

193 4837 303 4910 scribit,
322 4839 436 4914 eiupulie
457 4839 560 4896 cetibus
574 4842 708 4913 proprios
728 4840 792 4896 cleos
808 4857 946 4914 praeesse,
977 4849 1063 4894 certos
1086 4840 1150 4895 deos
1169 4855 1188 4896 a
1210 4837 1343 4896 Varrone
1375 4837 1552 4913 appellatos,

196 4931 315 5007 alioque
336 4931 402 4989 loco
423 4932 538 5008 (Georp.
562 4933 587 5007 1,
608 4933 657 5006 21)
678 4930 754 4989 idern
777 4933 817 4990 sie
840 4931 945 4990 tradit:
978 4935 1088 4992 nentina
1109 4933 1174 4989 lraec
1201 4932 1338 4992 nuntiarunt
1367 4935 1395 4986 iu
1424 4931 1552 5006 indipita·

1283 5022 1353 5090 10*
