3570 5590
890 347 1057 401 Hadrianus.

973 1299 993 1340 a

200 1399 219 1426 ¹·
234 1396 271 1434 ¹²⁶
354 1448 808 1470 ‚‚‚‚‚‚‚‚‚‚‚‚‚‚‚
806 1389 820 1419 ⁶
833 1443 1062 1462 ,,,,,,,,
1087 1409 1103 1450 c
1105 1393 1322 1470 umentibus)
1330 1391 1355 1476 ¹)
1377 1434 1573 1454 ·······

308 1513 340 1572 iu
363 1511 432 1571 luco
456 1509 532 1569 deae
555 1507 634 1567 Diae
656 1502 813 1586 piaculum
839 1499 954 1564 luctum
969 1519 1067 1580 porco
1082 1508 1110 1561 et
1127 1518 1208 1578 aquo
1223 1499 1336 1577 opima,
1357 1494 1493 1558 struibus
1506 1491 1652 1571 sertisque

351 1613 388 1674 ob
409 1613 527 1692 semim
549 1609 681 1672 inlatum
704 1605 879 1688 scripturae
903 1608 934 1665 et
954 1603 1132 1682 sculpturae
1153 1601 1312 1680 mopieteri
1327 1595 1527 1661 consummati
1549 1641 1556 1654 .
1581 1639 1588 1652 .
1612 1638 1619 1652 .
1643 1637 1650 1650 .

1627 1691 1653 1773 ²)

1268 1699 1613 1802 1222ss-

458 1815 592 1888 eisdem
622 1811 898 1908 co(n)s(ulibus)
924 1872 1185 1890 .........
1208 1824 1240 1885 iu
1263 1823 1331 1884 luco
1354 1823 1431 1883 deae
1454 1820 1533 1882 osae

350 1937 508 2016 piaculum
539 1933 653 1998 sectum
684 1951 782 2016 porca
810 1937 841 1996 et
872 1947 958 2011 agna
983 1909 1104 2010 opimo,
1131 1923 1267 1988 struibus
1293 1926 1441 2006 fotuque
1470 1921 1508 1984 ob
1534 1919 1651 1998 serrum

1331 2026 1452 2130 leluturu
1472 2024 1653 2102 scripturae

350 2151 379 2204 et
399 2141 577 2221 scalpturae
597 2142 755 2220 mapieteri
774 2141 900 2218 s(upro)
918 2134 1100 2216 r(orlpti)³).

458 2247 503 2317 M.
532 2244 655 2317 Annio
677 2238 781 2316 Vero

505 2361 563 2434 Ill

458 2539 466 2553 .
496 2539 504 2554 .
532 2481 649 2577 Epgio
676 2483 855 2556 Ambibulo
882 2482 1151 2567 corporalibus).

308 2619 407 2682 (ueruto
425 2628 486 2670 eunt
504 2619 632 2669 iudicatio
650 2620 805 2688 mupisterib
833 2617 929 2670 dmode
953 2627 1013 2669 ueta
1031 2629 1146 2670 retorsum
1170 2612 1222 2667 111
1243 2631 1324 2668 nouae
1345 2609 1486 2664 Ianuarius
1505 2610 1650 2662 solutorum

857 2717 880 2757 et
898 2705 1097 2774 nuceptorum.)

429 2813 843 2992 rtuvlonuon
1267 2829 1387 2976 urin

470 3014 792 3082 inusseris
1200 3013 1375 3078 essu

560 3117 926 3286 rscnorscosuu
1201 3219 1387 3288 numo·

1245 3325 1361 3397 Vlllll

564 3497 731 3566 Fragmenta
749 3503 860 3568 reperte
878 3515 902 3552 e.
923 3501 989 3553 1869
1007 3500 1034 3550 iu
1054 3499 1134 3551 vinee
1152 3495 1387 3551 Oeccerslliornm.

374 3617 518 3688 Descripsi
537 3633 598 3672 cum
624 3619 789 3675 Bormenno.
1070 3618 1090 3674 ²1
1108 3619 1212 3674 mentio
1231 3635 1334 3683 eorum,
1353 3633 1403 3688 per
1421 3634 1491 3687 quos
1510 3619 1648 3690 pisenlnm

373 3704 481 3758 Annius
496 3705 583 3758 Verus
597 3705 688 3760 teneus
701 3708 792 3776 gessit
802 3707 880 3760 annis
892 3707 949 3773 106,
1001 3705 1171 3775 factumest,
1191 3705 1298 3760 videtur
1310 3706 1415 3759 emises
1426 3721 1499 3772 esse,
1518 3723 1579 3760 eum
1593 3725 1647 3762 non

303 3792 363 3856 121,
378 3793 436 3846 126.
456 3791 618 3846 Excluditur
631 3809 718 3847 eunus
730 3795 779 3847 106
793 3799 821 3846 et
839 3809 950 3846 numeru
1001 3792 1122 3847 sufficiet
1150 3795 1268 3864 spetlum
1299 3791 1333 3846 sd
1370 3793 1554 3863 recipiendum
1587 3811 1647 3849 enm

302 3877 431 3933 adiuncto
450 3879 477 3932 in
497 3878 549 3934 line
569 3898 593 3935 v.
607 3883 630 3948 7,
649 3887 679 3935 et
696 3883 846 3936 litterarum
866 3883 952 3935 torma
1002 3897 1155 3952 nomenque
1176 3883 1307 3950 magistri.

301 3973 424 4022 sotorum
442 3986 473 4022 u.
491 3969 554 4032 1053
583 3969 618 4021 ed
643 3985 714 4040 quse
738 3971 779 4024 eie
807 3970 952 4024 referende
1072 3971 1092 4034 ³)
1112 3971 1280 4034 sicrestum,
1294 3967 1366 4040 quod
1377 3973 1491 4039 propter
1500 3975 1647 4037 ungulum

300 4061 396 4108 essent
414 4055 506 4126 cepits
519 4073 590 4127 quae
604 4057 773 4127 praecedunt
786 4059 948 4113 mentionem
1000 4059 1119 4129 spatium
1139 4074 1191 4112 nse
1210 4074 1309 4112 nomen
1327 4056 1451 4125 magistri
1471 4072 1523 4110 nec
1542 4059 1646 4112 mentio

300 4142 470 4198 consuletus.
506 4145 575 4198 Item
607 4144 760 4200 reiciendus
792 4151 834 4198 est
862 4163 948 4200 annus
999 4147 1130 4200 calatoris
1149 4145 1256 4200 videtur
1274 4143 1381 4200 admitti
1401 4159 1494 4215 posse.
1570 4131 1576 4142 '

301 4231 360 4294 121,
379 4246 439 4284 cum
454 4233 564 4300 integre
576 4233 638 4286 suni
656 4235 706 4289 120
724 4237 786 4286 ectu
800 4235 946 4303 supersint.
1068 4235 1106 4285 be
1124 4232 1277 4302 fragments
1287 4233 1440 4290 suntnimis
1453 4233 1553 4302 erigus
1566 4251 1646 4305 qnam

300 4317 400 4371 Restat
435 4319 512 4373 solus
542 4335 629 4374 eunus
667 4321 725 4384 126,
763 4336 817 4390 qno
854 4319 946 4374 foeces
998 4321 1184 4392 quaerentitui
1192 4323 1489 4393 possintzquemqusm
1503 4338 1544 4374 vv.
1557 4321 1645 4375 ultimi

298 4405 387 4471 gessit
404 4405 496 4459 Verus
524 4407 634 4460 tertium
658 4421 719 4460 cum
738 4409 829 4478 Eggio
848 4408 945 4462 Ambi-
997 4407 1141 4477 fragmenti
1160 4409 1223 4464 bad
1233 4409 1368 4480 piaculum
1377 4393 1507 4464 ‘videntur
1517 4417 1645 4481 spectare

298 4491 363 4545 bulo
381 4492 498 4561 collega,
998 4495 1033 4548 ob
1053 4497 1211 4551 inlationem
1231 4497 1294 4552 terri
1315 4498 1422 4562 luctum,
1443 4501 1474 4550 ut
1492 4497 1527 4550 ed
1546 4515 1645 4552 oneum

366 4601 384 4633 α
404 4582 424 4646 ¹)
443 4581 574 4638 eonsules
596 4583 708 4637 indicati
737 4589 816 4638 erent
834 4583 946 4636 nundini
998 4584 1142 4638 relersnds
1160 4585 1217 4638 sint
1228 4585 1286 4640 127.
1307 4585 1413 4640 Versus
1430 4591 1521 4639 nutem
1539 4588 1645 4656 priores

297 4666 412 4718 secundi
423 4685 447 4724 e.
455 4670 513 4735 126,
522 4673 623 4743 qnippe
635 4688 689 4742 quo
700 4673 810 4743 piscnls
820 4671 948 4725 luciensis
999 4671 1032 4725 nd
1042 4671 1149 4726 litterae
1158 4671 1507 4745 velsdietumimperstorie
1520 4673 1647 4728 videntur

296 4760 392 4808 essent
410 4755 445 4810 ob
464 4758 626 4830 scripturam
647 4765 769 4814 actorum
793 4777 817 4814 s.
837 4761 895 4814 125.
999 4761 1144 4830 pertinere.
