3574 5592
793 425 938 480 Sacrificio
955 427 1152 481 anniversaria.

765 805 795 868 3.
839 804 953 870 Ratio
976 803 1185 870 sacrificii.

649 993 702 1054 itte
724 1010 782 1076 pro
805 991 961 1074 magistro
984 989 1117 1057 fratrum
1139 991 1306 1056 Arvalium
1323 987 1463 1078 [nomine
1478 989 1653 1056 immolarit

689 1113 729 1158 ex
751 1093 855 1157 edicto
868 1089 923 1179 (?)]
947 1093 1085 1158 Neronis
1102 1092 1215 1159 Claudi
1231 1092 1380 1158 Caesaris
1395 1090 1564 1176 Aug(usti)
1581 1091 1652 1156 Ger·

690 1195 806 1260 manici
835 1195 989 1279 principis
1013 1190 1230 1281 [parentisque
1251 1193 1372 1280 publici
1395 1191 1463 1280 oet]
1488 1193 1653 1258 obmemo·

188 1377 198 1386 ,
690 1297 772 1361 riam
794 1297 915 1361 Domiti
937 1297 1038 1382 patris
1062 1293 1142 1383 [eius
1165 1295 1281 1362 bovem
1304 1292 1447 1382 mareml.

294 1402 334 1465 57
650 1401 690 1466 55
724 1399 866 1464 natalem
900 1398 955 1465 cn.
990 1398 1122 1462 Domitii
1150 1397 1357 1463 Ahenobarbi
1384 1399 1438 1460 tue
1469 1395 1652 1480 mag(ister)

692 1501 808 1584 collegi
832 1499 964 1564 fratrum
986 1500 1153 1565 Arvalium
1175 1501 1304 1566 nomine
1319 1498 1499 1564 immolavit
1521 1507 1578 1562 cet.
1594 1517 1653 1564 me·

688 1604 811 1667 moriae
831 1601 888 1668 Cn.
912 1602 1031 1666 Domiti
1055 1602 1199 1688 b(ovem)
1222 1621 1353 1667 marem.

294 1709 335 1774 58
357 1709 399 1775 59
644 1708 697 1770 illc
718 1704 903 1787 mag(ister)
932 1715 965 1767 ut
990 1725 1103 1786 supra,
1132 1708 1194 1768 aiat
1221 1707 1304 1788 quod
1330 1709 1447 1770 omisso
1468 1715 1541 1768 aaut
1562 1707 1652 1770 uerbo

691 1808 732 1872 ob
752 1807 893 1872 natalem
916 1817 971 1871 oct.

372 1933 452 1989 Acta
472 1941 614 1989 annorum
635 1926 669 1987 57
692 1928 729 1986 58
749 1927 786 1986 59
808 1925 947 1986 differunt
968 1926 1005 1986 ab
1026 1929 1102 1987 actis
1124 1927 1193 1986 anni
1214 1929 1261 2000 55,
1281 1927 1387 2005 quibus
1408 1944 1474 1986 cum
1488 1927 1538 1985 rix
1559 1928 1649 2005 possit

295 2022 425 2082 dubitari
445 2023 516 2100 quin
537 2021 627 2081 edicti
646 2020 776 2080 Neronis
802 2021 912 2080 mentio
936 2021 1018 2080 facta
1039 2020 1141 2094 tuerit,
1163 2020 1200 2080 dc
1220 2021 1290 2098 ipsa
1310 2021 1387 2080 sacri
1406 2022 1594 2082 institutione
1614 2022 1649 2080 ri·

296 2117 382 2175 detur
402 2117 459 2191 agi.
500 2115 538 2174 ld
567 2115 604 2174 iis
635 2115 824 2174 confirmatur
850 2133 926 2193 quae
952 2116 981 2174 in
1012 2115 1179 2175 Annalibus
1205 2115 1337 2174 eiusdem
1362 2115 1431 2176 anni
1457 2119 1494 2176 55
1519 2115 1649 2174 exeuntis

297 2209 421 2270 Tacitus
442 2211 526 2280 (Arra.
551 2209 597 2280 13,
615 2209 663 2284 10)
684 2208 776 2268 tradit
796 2209 833 2269 de
854 2209 952 2285 effigie
976 2209 1031 2270 Cn.
1053 2208 1183 2270 Domitio
1204 2211 1282 2286 patri
1297 2207 1447 2269 aNerons
1468 2209 1572 2286 petita.
1599 2209 1649 2268 Dic

297 2305 389 2364 natali
409 2303 530 2362 Domitii
551 2319 666 2362 sacrum
687 2304 798 2364 iactum
819 2321 896 2379 esse,
917 2320 1014 2381 neque
1036 2303 1083 2362 die
1104 2320 1139 2362 eo
1160 2321 1219 2380 quo
1239 2303 1430 2363 ritaiunetns
1451 2310 1508 2378 est,
1529 2303 1649 2364 exactis

295 2397 434 2458 discimus
456 2397 525 2455 enni
543 2393 589 2456 dl.

791 2665 840 2740 Ι4.
885 2678 1130 2743 Praesentes.

373 2864 504 2926 Nomina
523 2882 622 2924 eorum
643 2865 693 2942 qui
712 2865 870 2924 adsuerunt
889 2865 919 2924 in
941 2865 1017 2924 actis
1037 2865 1106 2924 anni
1126 2867 1163 2925 55
1184 2862 1252 2923 milri
1272 2863 1457 2940 probabilius
1478 2875 1525 2928 est
1545 2868 1650 2928 omissa

294 2978 360 3020 esse
381 2961 420 3020 ab
442 2978 478 3019 eo
499 2960 548 3037 qni
569 2965 638 3020 acta
658 2960 795 3036 concepit
820 2975 910 3037 quam
934 2961 1055 3036 praeter
1079 2958 1308 3035 promagistrum
1333 2961 1362 3018 in
1390 2960 1518 3037 collegio
1546 2964 1649 3022 tratres
1774 2981 1775 3016 r

295 3053 427 3112 adfuisse
448 3053 554 3112 nullos.
591 3051 777 3131 Quamquam
798 3054 874 3113 enim
894 3051 1076 3128 temporibus
1097 3069 1201 3129 parum
1222 3053 1387 3130 tranquillis
1409 3055 1523 3115 Vitellii
1543 3057 1649 3116 iactum

164 3135 166 3140 ¹
294 3155 348 3224 ast,
369 3155 403 3206 ut
422 3148 502 3206 solus
523 3147 722 3222 promagister
747 3147 786 3207 ad
812 3167 929 3208 sacrum
955 3146 1122 3206 faciendum
1147 3153 1269 3222 praesto
1290 3153 1371 3208 esset
1390 3149 1439 3224 (ci.
1460 3158 1532 3209 acta
1552 3167 1578 3209 a
1593 3149 1649 3224 69),

295 3241 325 3299 id
346 3240 426 3299 band
447 3241 533 3300 tacils
555 3239 730 3301 crediderim
751 3249 849 3302 aetate
871 3259 988 3319 quoque
1010 3240 1145 3298 evenisse
1159 3238 1298 3317 Neronis,
1315 3243 1490 3319 praesertim
1511 3261 1577 3302 curn
1596 3241 1649 3302 boo

295 3335 457 3411 imperante
478 3334 587 3394 maiore
609 3353 697 3411 quam
717 3343 934 3395 consueverant
959 3351 1080 3393 numero
1101 3335 1229 3392 Arvales
1250 3335 1278 3393 in
1301 3337 1429 3412 collegio
1449 3336 1558 3396 adesse
1578 3336 1648 3394 sole·
1773 3351 1774 3374 ¹

293 3435 368 3488 rent.
390 3463 425 3473 -
447 3428 483 3486 ln
504 3429 578 3488 actis
598 3447 738 3488 annornm
759 3429 794 3489 57
817 3432 854 3490 58
875 3432 912 3489 59
932 3429 1059 3487 formula
1078 3435 1238 3506 usurpatur
1258 3436 1402 3490 consueta
1422 3447 1498 3507 quae
1519 3436 1578 3488 est:

644 3540 678 3603 in
701 3540 839 3622 collegio
862 3537 1042 3603 adfuerunt.
