<?xml version="1.0" encoding="UTF-8"?>
<!DOCTYPE html PUBLIC "-//W3C//DTD XHTML 1.0 Transitional//EN"
    "http://www.w3.org/TR/xhtml1/DTD/xhtml1-transitional.dtd">
<html xmlns="http://www.w3.org/1999/xhtml" xml:lang="en" lang="en">
 <head>
  <title>
</title>
<meta http-equiv="Content-Type" content="text/html;charset=utf-8" />
  <meta name='ocr-system' content='tesseract 3.04.00' />
  <meta name='ocr-capabilities' content='ocr_page ocr_carea ocr_par ocr_line ocrx_word'/>
</head>
<body>
  <div class='ocr_page' id='page_1' title='image "./actafratrumarva01henzgoog_0300.png"; bbox 0 0 3574 5592; ppageno 0'>
   <div class='ocr_carea' id='block_1_1' title="bbox 695 325 1475 392">
    <p class='ocr_par' dir='ltr' id='par_1_1' title="bbox 695 325 1475 392">
     <span class='ocr_line' id='line_1_1' title="bbox 695 325 1475 392; baseline 0.003 -14"><span class='ocrx_word' id='word_1_1' title='bbox 695 325 754 379; x_wconf 89' lang='lat' dir='ltr'><strong>dies</strong></span> <span class='ocrx_word' id='word_1_2' title='bbox 774 327 920 382; x_wconf 86' lang='lat' dir='ltr'><strong>secundus.</strong></span> <span class='ocrx_word' id='word_1_3' title='bbox 1437 325 1475 392; x_wconf 87' lang='lat'><strong>31</strong></span> 
     </span>
    </p>
   </div>
   <div class='ocr_carea' id='block_1_2' title="bbox 140 497 1483 2751">
    <p class='ocr_par' dir='ltr' id='par_1_2' title="bbox 142 497 1483 1427">
     <span class='ocr_line' id='line_1_2' title="bbox 147 497 1483 576; baseline 0.003 -18"><span class='ocrx_word' id='word_1_4' title='bbox 147 501 188 558; x_wconf 88' lang='lat' dir='ltr'><strong>rel</strong></span> <span class='ocrx_word' id='word_1_5' title='bbox 206 498 400 576; x_wconf 85' lang='lat' dir='ltr'><strong>promagister</strong></span> <span class='ocrx_word' id='word_1_6' title='bbox 419 505 448 558; x_wconf 91' lang='lat' dir='ltr'><strong>et</strong></span> <span class='ocrx_word' id='word_1_7' title='bbox 467 497 574 558; x_wconf 84' lang='lat' dir='ltr'><strong>flamen</strong></span> <span class='ocrx_word' id='word_1_8' title='bbox 595 499 640 558; x_wconf 87' lang='lat' dir='ltr'><strong>vel</strong></span> <span class='ocrx_word' id='word_1_9' title='bbox 665 499 823 575; x_wconf 85' lang='lat' dir='ltr'><strong>proflamen</strong></span> <span class='ocrx_word' id='word_1_10' title='bbox 844 509 912 560; x_wconf 88' lang='lat' dir='ltr'><strong>ante</strong></span> <span class='ocrx_word' id='word_1_11' title='bbox 934 501 1036 562; x_wconf 88' lang='lat' dir='ltr'><strong>aedem</strong></span> <span class='ocrx_word' id='word_1_12' title='bbox 1056 501 1086 558; x_wconf 92' lang='lat' dir='ltr'><strong>in</strong></span> <span class='ocrx_word' id='word_1_13' title='bbox 1106 499 1217 576; x_wconf 75' lang='lat' dir='ltr'><strong>cespite</strong></span> <span class='ocrx_word' id='word_1_14' title='bbox 1238 515 1352 558; x_wconf 88' lang='lat' dir='ltr'><strong>sacram</strong></span> <span class='ocrx_word' id='word_1_15' title='bbox 1372 499 1483 562; x_wconf 73' lang='lat' dir='ltr'><strong>iecisse</strong></span> 
     </span>
     <span class='ocr_line' id='line_1_3' title="bbox 146 592 1479 656; baseline 0 -5"><span class='ocrx_word' id='word_1_16' title='bbox 146 595 284 654; x_wconf 88' lang='lat' dir='ltr'><strong>dicuntur.</strong></span> <span class='ocrx_word' id='word_1_17' title='bbox 324 592 361 652; x_wconf 88' lang='lat' dir='ltr'><strong>Id</strong></span> <span class='ocrx_word' id='word_1_18' title='bbox 382 594 547 653; x_wconf 76' lang='lat' dir='ltr'><strong>accuratius</strong></span> <span class='ocrx_word' id='word_1_19' title='bbox 568 593 682 652; x_wconf 85' lang='lat' dir='ltr'><strong>videtur</strong></span> <span class='ocrx_word' id='word_1_20' title='bbox 706 603 870 654; x_wconf 88' lang='lat' dir='ltr'><strong>enarratum</strong></span> <span class='ocrx_word' id='word_1_21' title='bbox 895 596 985 656; x_wconf 86' lang='lat' dir='ltr'><strong>fnisse</strong></span> <span class='ocrx_word' id='word_1_22' title='bbox 1009 597 1039 655; x_wconf 90' lang='lat' dir='ltr'><strong>in</strong></span> <span class='ocrx_word' id='word_1_23' title='bbox 1066 596 1139 654; x_wconf 85' lang='lat' dir='ltr'><strong>actia</strong></span> <span class='ocrx_word' id='word_1_24' title='bbox 1161 595 1229 653; x_wconf 92' lang='lat' dir='ltr'><strong>anni</strong></span> <span class='ocrx_word' id='word_1_25' title='bbox 1258 593 1361 653; x_wconf 81' lang='lat' dir='ltr'>incerti</span> <span class='ocrx_word' id='word_1_26' title='bbox 1396 611 1479 652; x_wconf 88' lang='lat' dir='ltr'><strong>ame</strong></span> 
     </span>
     <span class='ocr_line' id='line_1_4' title="bbox 144 686 1479 766; baseline -0.001 -18"><span class='ocrx_word' id='word_1_27' title='bbox 144 689 228 748; x_wconf 86' lang='lat' dir='ltr'><strong>aetati</strong></span> <span class='ocrx_word' id='word_1_28' title='bbox 248 686 411 747; x_wconf 75' lang='lat' dir='ltr'><strong>Alexandri</strong></span> <span class='ocrx_word' id='word_1_29' title='bbox 429 687 547 747; x_wconf 88' lang='lat' dir='ltr'><strong>tributis</strong></span> <span class='ocrx_word' id='word_1_30' title='bbox 569 689 633 764; x_wconf 88' lang='lat' dir='ltr'><strong>(A),</strong></span> <span class='ocrx_word' id='word_1_31' title='bbox 654 691 802 766; x_wconf 91' lang='lat' dir='ltr'><strong>inquibus</strong></span> <span class='ocrx_word' id='word_1_32' title='bbox 818 691 842 748; x_wconf 92' lang='lat' dir='ltr'><strong>si</strong></span> <span class='ocrx_word' id='word_1_33' title='bbox 856 691 1031 766; x_wconf 79' lang='lat' dir='ltr'><strong>verbaquae</strong></span> <span class='ocrx_word' id='word_1_34' title='bbox 1043 710 1067 749; x_wconf 84' lang='lat' dir='ltr'><strong>r.</strong></span> <span class='ocrx_word' id='word_1_35' title='bbox 1085 691 1247 766; x_wconf 85' lang='lat' dir='ltr'><strong>lleguutur</strong></span> <span class='ocrx_word' id='word_1_36' title='bbox 1257 700 1319 747; x_wconf 80' lang='lat' dir='ltr'><strong>aare</strong></span> <span class='ocrx_word' id='word_1_37' title='bbox 1334 689 1479 764; x_wconf 80' lang='lat' dir='ltr'><strong>iu[nuom]</strong></span> 
     </span>
     <span class='ocr_line' id='line_1_5' title="bbox 144 781 1478 858; baseline -0.001 -16"><span class='ocrx_word' id='word_1_38' title='bbox 144 791 220 842; x_wconf 87' lang='lat' dir='ltr'><strong>recte</strong></span> <span class='ocrx_word' id='word_1_39' title='bbox 231 782 269 842; x_wconf 87' lang='lat' dir='ltr'><strong>ad</strong></span> <span class='ocrx_word' id='word_1_40' title='bbox 283 781 339 840; x_wconf 92' lang='lat' dir='ltr'><strong>hoc</strong></span> <span class='ocrx_word' id='word_1_41' title='bbox 349 782 443 858; x_wconf 90' lang='lat' dir='ltr'><strong>ipsum</strong></span> <span class='ocrx_word' id='word_1_42' title='bbox 455 800 568 842; x_wconf 91' lang='lat' dir='ltr'><strong>sacrum</strong></span> <span class='ocrx_word' id='word_1_43' title='bbox 578 784 685 858; x_wconf 88' lang='lat' dir='ltr'><strong>rettuli,</strong></span> <span class='ocrx_word' id='word_1_44' title='bbox 706 785 943 844; x_wconf 86' lang='lat' dir='ltr'><strong>lacteidfactnm</strong></span> <span class='ocrx_word' id='word_1_45' title='bbox 956 799 1020 844; x_wconf 86' lang='lat' dir='ltr'><strong>esse</strong></span> <span class='ocrx_word' id='word_1_46' title='bbox 1040 792 1165 844; x_wconf 87' lang='lat' dir='ltr'><strong>constat.</strong></span> <span class='ocrx_word' id='word_1_47' title='bbox 1196 784 1286 844; x_wconf 90' lang='lat' dir='ltr'><strong>Certo</strong></span> <span class='ocrx_word' id='word_1_48' title='bbox 1309 801 1355 843; x_wconf 89' lang='lat' dir='ltr'><strong>res</strong></span> <span class='ocrx_word' id='word_1_49' title='bbox 1377 781 1478 841; x_wconf 89' lang='lat' dir='ltr'><strong>diiudi-</strong></span> 
     </span>
     <span class='ocr_line' id='line_1_6' title="bbox 145 877 1480 958; baseline -0.001 -22"><span class='ocrx_word' id='word_1_50' title='bbox 145 877 203 936; x_wconf 85' lang='lat' dir='ltr'><strong>cari</strong></span> <span class='ocrx_word' id='word_1_51' title='bbox 222 877 322 954; x_wconf 84' lang='lat' dir='ltr'><strong>nequit</strong></span> <span class='ocrx_word' id='word_1_52' title='bbox 341 894 406 936; x_wconf 90' lang='lat' dir='ltr'><strong>cnm</strong></span> <span class='ocrx_word' id='word_1_53' title='bbox 426 877 566 954; x_wconf 82' lang='lat' dir='ltr'><strong>perierint</strong></span> <span class='ocrx_word' id='word_1_54' title='bbox 585 885 614 936; x_wconf 90' lang='lat' dir='ltr'><strong>et</strong></span> <span class='ocrx_word' id='word_1_55' title='bbox 633 897 708 955; x_wconf 85' lang='lat' dir='ltr'><strong>quae</strong></span> <span class='ocrx_word' id='word_1_56' title='bbox 725 880 907 956; x_wconf 89' lang='lat' dir='ltr'><strong>praecedunt</strong></span> <span class='ocrx_word' id='word_1_57' title='bbox 926 884 956 939; x_wconf 89' lang='lat' dir='ltr'><strong>et</strong></span> <span class='ocrx_word' id='word_1_58' title='bbox 975 897 1051 957; x_wconf 88' lang='lat' dir='ltr'><strong>quaa</strong></span> <span class='ocrx_word' id='word_1_59' title='bbox 1071 882 1243 958; x_wconf 90' lang='lat' dir='ltr'><strong>sequnntur.</strong></span> <span class='ocrx_word' id='word_1_60' title='bbox 1283 879 1323 937; x_wconf 84' lang='lat' dir='ltr'><strong>Et</strong></span> <span class='ocrx_word' id='word_1_61' title='bbox 1343 877 1480 936; x_wconf 87' lang='lat' dir='ltr'><strong>ridentur</strong></span> 
     </span>
     <span class='ocr_line' id='line_1_7' title="bbox 144 969 1478 1048; baseline 0.001 -19"><span class='ocrx_word' id='word_1_62' title='bbox 144 969 257 1048; x_wconf 88' lang='lat' dir='ltr'><strong>quidem</strong></span> <span class='ocrx_word' id='word_1_63' title='bbox 278 988 379 1030; x_wconf 83' lang='lat' dir='ltr'><strong>versus</strong></span> <span class='ocrx_word' id='word_1_64' title='bbox 400 970 563 1047; x_wconf 79' lang='lat' dir='ltr'><strong>Vergiliani</strong></span> <span class='ocrx_word' id='word_1_65' title='bbox 585 977 670 1032; x_wconf 88' lang='lat' dir='ltr'><strong>autea</strong></span> <span class='ocrx_word' id='word_1_66' title='bbox 691 974 771 1033; x_wconf 87' lang='lat' dir='ltr'><strong>allati</strong></span> <span class='ocrx_word' id='word_1_67' title='bbox 790 973 919 1032; x_wconf 88' lang='lat' dir='ltr'><strong>indicare</strong></span> <span class='ocrx_word' id='word_1_68' title='bbox 940 976 1035 1034; x_wconf 87' lang='lat' dir='ltr'><strong>viuum</strong></span> <span class='ocrx_word' id='word_1_69' title='bbox 1057 981 1086 1034; x_wconf 89' lang='lat' dir='ltr'><strong>et</strong></span> <span class='ocrx_word' id='word_1_70' title='bbox 1106 975 1189 1034; x_wconf 82' lang='lat' dir='ltr'><strong>faros</strong></span> <span class='ocrx_word' id='word_1_71' title='bbox 1209 972 1257 1031; x_wconf 92' lang='lat' dir='ltr'><strong>hic</strong></span> <span class='ocrx_word' id='word_1_72' title='bbox 1277 970 1478 1046; x_wconf 83' lang='lat' dir='ltr'><strong>intellegenda</strong></span> 
     </span>
     <span class='ocr_line' id='line_1_8' title="bbox 144 1065 1479 1146; baseline -0.001 -22"><span class='ocrx_word' id='word_1_73' title='bbox 144 1082 213 1124; x_wconf 83' lang='lat' dir='ltr'><strong>esse.</strong></span> <span class='ocrx_word' id='word_1_74' title='bbox 254 1068 297 1125; x_wconf 83' lang='lat' dir='ltr'><strong>At</strong></span> <span class='ocrx_word' id='word_1_75' title='bbox 320 1067 391 1124; x_wconf 86' lang='lat' dir='ltr'><strong>laeti</strong></span> <span class='ocrx_word' id='word_1_76' title='bbox 421 1067 501 1126; x_wconf 81' lang='lat' dir='ltr'><strong>iuvet</strong></span> <span class='ocrx_word' id='word_1_77' title='bbox 531 1068 725 1127; x_wconf 89' lang='lat' dir='ltr'><strong>testimouium</strong></span> <span class='ocrx_word' id='word_1_78' title='bbox 747 1069 836 1127; x_wconf 88' lang='lat' dir='ltr'><strong>Plinii</strong></span> <span class='ocrx_word' id='word_1_79' title='bbox 859 1072 895 1136; x_wconf 89' lang='lat' dir='ltr'><strong>(n.</strong></span> <span class='ocrx_word' id='word_1_80' title='bbox 909 1070 934 1127; x_wconf 83' lang='lat' dir='ltr'><strong>lr.</strong></span> <span class='ocrx_word' id='word_1_81' title='bbox 957 1071 1001 1139; x_wconf 77' lang='grc'><strong>14,</strong></span> <span class='ocrx_word' id='word_1_82' title='bbox 1013 1070 1061 1141; x_wconf 81' lang='grc'><strong>88)</strong></span> <span class='ocrx_word' id='word_1_83' title='bbox 1084 1070 1134 1146; x_wconf 90' lang='lat' dir='ltr'><strong>qni</strong></span> <span class='ocrx_word' id='word_1_84' title='bbox 1154 1069 1299 1127; x_wconf 81' lang='lat' dir='ltr'><strong>Romrrlam</strong></span> <span class='ocrx_word' id='word_1_85' title='bbox 1314 1065 1385 1125; x_wconf 84' lang='lat' dir='ltr'><strong>dicit</strong></span> <span class='ocrx_word' id='word_1_86' title='bbox 1398 1067 1479 1135; x_wconf 58' lang='lat' dir='ltr'><strong>locta</strong></span> 
     </span>
     <span class='ocr_line' id='line_1_9' title="bbox 142 1160 1478 1240; baseline -0.001 -22"><span class='ocrx_word' id='word_1_87' title='bbox 142 1181 194 1218; x_wconf 84' lang='lat' dir='ltr'><strong>nou</strong></span> <span class='ocrx_word' id='word_1_88' title='bbox 212 1165 274 1220; x_wconf 66' lang='lat' dir='ltr'><strong>siaa</strong></span> <span class='ocrx_word' id='word_1_89' title='bbox 295 1160 405 1232; x_wconf 78' lang='lat' dir='ltr'><strong>libasse,</strong></span> <span class='ocrx_word' id='word_1_90' title='bbox 433 1165 534 1220; x_wconf 77' lang='lat' dir='ltr'><strong>indicio</strong></span> <span class='ocrx_word' id='word_1_91' title='bbox 559 1174 619 1220; x_wconf 81' lang='lat' dir='ltr'><strong>euru</strong></span> <span class='ocrx_word' id='word_1_92' title='bbox 642 1181 724 1220; x_wconf 85' lang='lat' dir='ltr'><strong>sucro</strong></span> <span class='ocrx_word' id='word_1_93' title='bbox 749 1163 782 1218; x_wconf 81' lang='lat' dir='ltr'><strong>ab</strong></span> <span class='ocrx_word' id='word_1_94' title='bbox 803 1183 832 1220; x_wconf 85' lang='lat' dir='ltr'><strong>eu</strong></span> <span class='ocrx_word' id='word_1_95' title='bbox 852 1168 986 1234; x_wconf 68' lang='lat' dir='ltr'><strong>incitata,</strong></span> <span class='ocrx_word' id='word_1_96' title='bbox 1012 1183 1081 1240; x_wconf 80' lang='lat' dir='ltr'><strong>qnae</strong></span> <span class='ocrx_word' id='word_1_97' title='bbox 1100 1165 1180 1221; x_wconf 82' lang='lat' dir='ltr'><strong>hodie</strong></span> <span class='ocrx_word' id='word_1_98' title='bbox 1198 1163 1349 1220; x_wconf 67' lang='lat' dir='ltr'><strong>emeritana</strong></span> <span class='ocrx_word' id='word_1_99' title='bbox 1368 1179 1478 1230; x_wconf 69' lang='lat' dir='ltr'><strong>moreau,</strong></span> 
     </span>
     <span class='ocr_line' id='line_1_10' title="bbox 143 1253 1478 1318; baseline -0.001 -4"><span class='ocrx_word' id='word_1_100' title='bbox 143 1273 205 1314; x_wconf 92' lang='lat' dir='ltr'><strong>cum</strong></span> <span class='ocrx_word' id='word_1_101' title='bbox 235 1256 389 1314; x_wconf 83' lang='lat' dir='ltr'><strong>Arvalium</strong></span> <span class='ocrx_word' id='word_1_102' title='bbox 420 1257 563 1316; x_wconf 86' lang='lat' dir='ltr'><strong>sacrificia</strong></span> <span class='ocrx_word' id='word_1_103' title='bbox 592 1265 672 1316; x_wconf 89' lang='lat' dir='ltr'><strong>certo</strong></span> <span class='ocrx_word' id='word_1_104' title='bbox 701 1257 776 1316; x_wconf 89' lang='lat' dir='ltr'><strong>inter</strong></span> <span class='ocrx_word' id='word_1_105' title='bbox 802 1273 887 1316; x_wconf 86' lang='lat' dir='ltr'><strong>saera</strong></span> <span class='ocrx_word' id='word_1_106' title='bbox 912 1257 1075 1318; x_wconf 86' lang='lat' dir='ltr'><strong>aRomnlo</strong></span> <span class='ocrx_word' id='word_1_107' title='bbox 1102 1258 1236 1318; x_wconf 91' lang='lat' dir='ltr'><strong>instituta</strong></span> <span class='ocrx_word' id='word_1_108' title='bbox 1255 1253 1394 1316; x_wconf 87' lang='lat' dir='ltr'><strong>habenda</strong></span> <span class='ocrx_word' id='word_1_109' title='bbox 1413 1255 1478 1312; x_wconf 91' lang='lat' dir='ltr'><strong>siut.</strong></span> 
     </span>
     <span class='ocr_line' id='line_1_11' title="bbox 144 1350 974 1427; baseline 0.002 -19"><span class='ocrx_word' id='word_1_110' title='bbox 144 1350 304 1410; x_wconf 86' lang='lat' dir='ltr'><strong>Praeterea</strong></span> <span class='ocrx_word' id='word_1_111' title='bbox 324 1351 360 1410; x_wconf 83' lang='lat' dir='ltr'><strong>el.</strong></span> <span class='ocrx_word' id='word_1_112' title='bbox 383 1351 554 1426; x_wconf 76' lang='lat' dir='ltr'><strong>Schwegler</strong></span> <span class='ocrx_word' id='word_1_113' title='bbox 573 1352 652 1409; x_wconf 70' lang='lat' dir='ltr'><strong>Beira.</strong></span> <span class='ocrx_word' id='word_1_114' title='bbox 672 1351 764 1412; x_wconf 78' lang='lat' dir='ltr'><strong>Garat.</strong></span> <span class='ocrx_word' id='word_1_115' title='bbox 789 1353 803 1408; x_wconf 91' lang='lat' dir='ltr'><strong>l</strong></span> <span class='ocrx_word' id='word_1_116' title='bbox 826 1369 854 1427; x_wconf 88' lang='lat' dir='ltr'><strong>p.</strong></span> <span class='ocrx_word' id='word_1_117' title='bbox 868 1352 933 1426; x_wconf 80' lang='lat'><strong>421,</strong></span> <span class='ocrx_word' id='word_1_118' title='bbox 948 1355 974 1410; x_wconf 82' lang='grc'><strong>5.</strong></span> 
     </span>
    </p>

    <p class='ocr_par' dir='ltr' id='par_1_3' title="bbox 140 1443 1483 2751">
     <span class='ocr_line' id='line_1_12' title="bbox 213 1443 1479 1522; baseline -0.002 -19"><span class='ocrx_word' id='word_1_119' title='bbox 213 1445 290 1504; x_wconf 90' lang='lat' dir='ltr'><strong>Post</strong></span> <span class='ocrx_word' id='word_1_120' title='bbox 309 1445 482 1504; x_wconf 84' lang='lat' dir='ltr'><strong>sacrificinm</strong></span> <span class='ocrx_word' id='word_1_121' title='bbox 503 1446 532 1503; x_wconf 96' lang='lat' dir='ltr'><strong>in</strong></span> <span class='ocrx_word' id='word_1_122' title='bbox 560 1445 670 1522; x_wconf 88' lang='lat' dir='ltr'><strong>cespite</strong></span> <span class='ocrx_word' id='word_1_123' title='bbox 697 1445 805 1504; x_wconf 80' lang='lat' dir='ltr'><strong>iactrrm</strong></span> <span class='ocrx_word' id='word_1_124' title='bbox 826 1448 931 1506; x_wconf 87' lang='lat' dir='ltr'><strong>fratres</strong></span> <span class='ocrx_word' id='word_1_125' title='bbox 953 1445 1089 1506; x_wconf 87' lang='lat' dir='ltr'><strong>dicuntur</strong></span> <span class='ocrx_word' id='word_1_126' title='bbox 1109 1447 1188 1506; x_wconf 87' lang='lat' dir='ltr'><strong>iuras</strong></span> <span class='ocrx_word' id='word_1_127' title='bbox 1209 1443 1247 1504; x_wconf 85' lang='lat' dir='ltr'><strong>ad</strong></span> <span class='ocrx_word' id='word_1_128' title='bbox 1269 1461 1348 1503; x_wconf 87' lang='lat' dir='ltr'><strong>aram</strong></span> <span class='ocrx_word' id='word_1_129' title='bbox 1368 1443 1479 1502; x_wconf 84' lang='lat' dir='ltr'><strong>reversi</strong></span> 
     </span>
     <span class='ocr_line' id='line_1_13' title="bbox 142 1539 1482 1616; baseline -0.001 -18"><span class='ocrx_word' id='word_1_130' title='bbox 142 1539 292 1600; x_wconf 76' lang='lat' dir='ltr'><strong>thesauros</strong></span> <span class='ocrx_word' id='word_1_131' title='bbox 313 1539 440 1599; x_wconf 83' lang='lat' dir='ltr'><strong>dedisse.</strong></span> <span class='ocrx_word' id='word_1_132' title='bbox 482 1541 547 1598; x_wconf 89' lang='lat' dir='ltr'><strong>Ara</strong></span> <span class='ocrx_word' id='word_1_133' title='bbox 567 1557 623 1598; x_wconf 93' lang='lat' dir='ltr'><strong>nou</strong></span> <span class='ocrx_word' id='word_1_134' title='bbox 644 1547 741 1616; x_wconf 89' lang='lat' dir='ltr'><strong>potest</strong></span> <span class='ocrx_word' id='word_1_135' title='bbox 762 1559 827 1600; x_wconf 88' lang='lat' dir='ltr'><strong>esso</strong></span> <span class='ocrx_word' id='word_1_136' title='bbox 849 1542 904 1600; x_wconf 83' lang='lat' dir='ltr'><strong>uisi</strong></span> <span class='ocrx_word' id='word_1_137' title='bbox 923 1541 996 1600; x_wconf 86' lang='lat' dir='ltr'><strong>deae</strong></span> <span class='ocrx_word' id='word_1_138' title='bbox 1016 1541 1091 1600; x_wconf 89' lang='lat' dir='ltr'><strong>Diae</strong></span> <span class='ocrx_word' id='word_1_139' title='bbox 1112 1549 1180 1600; x_wconf 88' lang='lat' dir='ltr'><strong>ante</strong></span> <span class='ocrx_word' id='word_1_140' title='bbox 1194 1541 1291 1600; x_wconf 93' lang='lat' dir='ltr'><strong>lucnm</strong></span> <span class='ocrx_word' id='word_1_141' title='bbox 1313 1539 1384 1612; x_wconf 88' lang='lat' dir='ltr'><strong>sita;</strong></span> <span class='ocrx_word' id='word_1_142' title='bbox 1397 1541 1482 1614; x_wconf 74' lang='lat' dir='ltr'><strong>sorae</strong></span> 
     </span>
     <span class='ocr_line' id='line_1_14' title="bbox 142 1634 1480 1711; baseline -0.002 -17"><span class='ocrx_word' id='word_1_143' title='bbox 142 1641 234 1695; x_wconf 87' lang='lat' dir='ltr'><strong>antem</strong></span> <span class='ocrx_word' id='word_1_144' title='bbox 257 1635 325 1694; x_wconf 90' lang='lat' dir='ltr'><strong>mihi</strong></span> <span class='ocrx_word' id='word_1_145' title='bbox 344 1634 499 1711; x_wconf 85' lang='lat' dir='ltr'><strong>probabile</strong></span> <span class='ocrx_word' id='word_1_146' title='bbox 520 1653 576 1694; x_wconf 92' lang='lat' dir='ltr'><strong>non</strong></span> <span class='ocrx_word' id='word_1_147' title='bbox 596 1635 825 1710; x_wconf 78' lang='lat' dir='ltr'><strong>intellegendum</strong></span> <span class='ocrx_word' id='word_1_148' title='bbox 846 1653 912 1695; x_wconf 88' lang='lat' dir='ltr'><strong>esse</strong></span> <span class='ocrx_word' id='word_1_149' title='bbox 933 1636 969 1694; x_wconf 92' lang='lat' dir='ltr'><strong>de</strong></span> <span class='ocrx_word' id='word_1_150' title='bbox 991 1635 1075 1708; x_wconf 84' lang='lat' dir='ltr'><strong>aede,</strong></span> <span class='ocrx_word' id='word_1_151' title='bbox 1096 1641 1128 1694; x_wconf 91' lang='lat' dir='ltr'><strong>nt</strong></span> <span class='ocrx_word' id='word_1_152' title='bbox 1147 1635 1254 1693; x_wconf 83' lang='lat' dir='ltr'><strong>fratros</strong></span> <span class='ocrx_word' id='word_1_153' title='bbox 1275 1634 1304 1692; x_wconf 94' lang='lat' dir='ltr'><strong>in</strong></span> <span class='ocrx_word' id='word_1_154' title='bbox 1320 1649 1480 1692; x_wconf 87' lang='lat' dir='ltr'><strong>earemau·</strong></span> 
     </span>
     <span class='ocr_line' id='line_1_15' title="bbox 142 1723 1480 1804; baseline 0 -18"><span class='ocrx_word' id='word_1_155' title='bbox 142 1729 238 1804; x_wconf 88' lang='lat' dir='ltr'><strong>serint,</strong></span> <span class='ocrx_word' id='word_1_156' title='bbox 261 1729 328 1788; x_wconf 89' lang='lat' dir='ltr'><strong>dum</strong></span> <span class='ocrx_word' id='word_1_157' title='bbox 349 1731 489 1804; x_wconf 79' lang='lat' dir='ltr'><strong>magister</strong></span> <span class='ocrx_word' id='word_1_158' title='bbox 514 1739 544 1789; x_wconf 93' lang='lat' dir='ltr'><strong>et</strong></span> <span class='ocrx_word' id='word_1_159' title='bbox 568 1730 670 1790; x_wconf 88' lang='lat' dir='ltr'><strong>flamen</strong></span> <span class='ocrx_word' id='word_1_160' title='bbox 698 1723 958 1801; x_wconf 60' lang='lat' dir='ltr'><strong>sacrnmiacinut‚</strong></span> <span class='ocrx_word' id='word_1_161' title='bbox 980 1730 1032 1789; x_wconf 90' lang='lat' dir='ltr'><strong>sed</strong></span> <span class='ocrx_word' id='word_1_162' title='bbox 1054 1729 1089 1788; x_wconf 90' lang='lat' dir='ltr'><strong>de</strong></span> <span class='ocrx_word' id='word_1_163' title='bbox 1110 1730 1184 1788; x_wconf 89' lang='lat' dir='ltr'><strong>luco.</strong></span> <span class='ocrx_word' id='word_1_164' title='bbox 1226 1725 1395 1787; x_wconf 76' lang='lat' dir='ltr'><strong>Thesaurus</strong></span> <span class='ocrx_word' id='word_1_165' title='bbox 1416 1745 1480 1786; x_wconf 88' lang='lat' dir='ltr'><strong>cum</strong></span> 
     </span>
     <span class='ocr_line' id='line_1_16' title="bbox 143 1821 1481 1901; baseline -0.001 -19"><span class='ocrx_word' id='word_1_166' title='bbox 143 1823 261 1900; x_wconf 86' lang='lat' dir='ltr'><strong>proprie</strong></span> <span class='ocrx_word' id='word_1_167' title='bbox 281 1841 327 1882; x_wconf 89' lang='lat' dir='ltr'><strong>res</strong></span> <span class='ocrx_word' id='word_1_168' title='bbox 348 1826 387 1884; x_wconf 90' lang='lat' dir='ltr'><strong>sit</strong></span> <span class='ocrx_word' id='word_1_169' title='bbox 414 1825 564 1901; x_wconf 87' lang='lat' dir='ltr'><strong>deposita,</strong></span> <span class='ocrx_word' id='word_1_170' title='bbox 595 1825 651 1884; x_wconf 88' lang='lat' dir='ltr'><strong>boc</strong></span> <span class='ocrx_word' id='word_1_171' title='bbox 677 1826 743 1883; x_wconf 90' lang='lat' dir='ltr'><strong>loco</strong></span> <span class='ocrx_word' id='word_1_172' title='bbox 768 1826 945 1901; x_wconf 85' lang='lat' dir='ltr'><strong>significabit</strong></span> <span class='ocrx_word' id='word_1_173' title='bbox 970 1826 1073 1901; x_wconf 88' lang='lat' dir='ltr'><strong>stipem</strong></span> <span class='ocrx_word' id='word_1_174' title='bbox 1100 1841 1118 1882; x_wconf 90' lang='lat' dir='ltr'><strong>a</strong></span> <span class='ocrx_word' id='word_1_175' title='bbox 1143 1821 1345 1884; x_wconf 89' lang='lat' dir='ltr'><strong>sacerdotibus</strong></span> <span class='ocrx_word' id='word_1_176' title='bbox 1372 1822 1481 1896; x_wconf 71' lang='lat' dir='ltr'><strong>datam</strong></span> 
     </span>
     <span class='ocr_line' id='line_1_17' title="bbox 140 1917 1481 1997; baseline 0 -21"><span class='ocrx_word' id='word_1_177' title='bbox 140 1936 224 1994; x_wconf 89' lang='lat' dir='ltr'><strong>quam</strong></span> <span class='ocrx_word' id='word_1_178' title='bbox 246 1919 398 1978; x_wconf 86' lang='lat' dir='ltr'><strong>inmensa</strong></span> <span class='ocrx_word' id='word_1_179' title='bbox 425 1937 542 1997; x_wconf 92' lang='lat' dir='ltr'><strong>quoqne</strong></span> <span class='ocrx_word' id='word_1_180' title='bbox 567 1921 636 1997; x_wconf 92' lang='lat' dir='ltr'><strong>poni</strong></span> <span class='ocrx_word' id='word_1_181' title='bbox 660 1919 827 1978; x_wconf 83' lang='lat' dir='ltr'><strong>Macrobius</strong></span> <span class='ocrx_word' id='word_1_182' title='bbox 855 1919 939 1996; x_wconf 85' lang='lat' dir='ltr'><strong>(lc.)</strong></span> <span class='ocrx_word' id='word_1_183' title='bbox 970 1917 1104 1978; x_wconf 88' lang='lat' dir='ltr'><strong>tradidit:</strong></span> <span class='ocrx_word' id='word_1_184' title='bbox 1135 1935 1311 1994; x_wconf 88' lang='lat' dir='ltr'><strong>quamquam</strong></span> <span class='ocrx_word' id='word_1_185' title='bbox 1340 1917 1481 1976; x_wconf 78' lang='lat' dir='ltr'><strong>Matrinius</strong></span> 
     </span>
     <span class='ocr_line' id='line_1_18' title="bbox 140 2010 1482 2090; baseline -0.001 -18"><span class='ocrx_word' id='word_1_186' title='bbox 140 2030 167 2086; x_wconf 90' lang='lat' dir='ltr'><strong>p.</strong></span> <span class='ocrx_word' id='word_1_187' title='bbox 180 2015 237 2072; x_wconf 79' lang='lat'><strong>589</strong></span> <span class='ocrx_word' id='word_1_188' title='bbox 258 2013 470 2074; x_wconf 88' lang='lat' dir='ltr'><strong>emendandum</strong></span> <span class='ocrx_word' id='word_1_189' title='bbox 491 2031 556 2072; x_wconf 89' lang='lat' dir='ltr'><strong>esse</strong></span> <span class='ocrx_word' id='word_1_190' title='bbox 577 2015 743 2090; x_wconf 88' lang='lat' dir='ltr'><strong>suspicatur</strong></span> <span class='ocrx_word' id='word_1_191' title='bbox 762 2015 902 2084; x_wconf 59' lang='lat' dir='ltr'><strong>manare,</strong></span> <span class='ocrx_word' id='word_1_192' title='bbox 923 2013 1018 2071; x_wconf 85' lang='lat' dir='ltr'><strong>allatis</strong></span> <span class='ocrx_word' id='word_1_193' title='bbox 1038 2012 1110 2070; x_wconf 92' lang='lat' dir='ltr'><strong>locis</strong></span> <span class='ocrx_word' id='word_1_194' title='bbox 1132 2010 1276 2070; x_wconf 86' lang='lat' dir='ltr'><strong>Varronis</strong></span> <span class='ocrx_word' id='word_1_195' title='bbox 1295 2011 1326 2090; x_wconf 89' lang='lat' dir='ltr'><strong>(l.</strong></span> <span class='ocrx_word' id='word_1_196' title='bbox 1342 2011 1361 2072; x_wconf 93' lang='lat' dir='ltr'><strong>l.</strong></span> <span class='ocrx_word' id='word_1_197' title='bbox 1384 2014 1411 2087; x_wconf 80' lang='lat'><strong>5,</strong></span> <span class='ocrx_word' id='word_1_198' title='bbox 1427 2013 1482 2071; x_wconf 82' lang='lat'><strong>182</strong></span> 
     </span>
     <span class='ocr_line' id='line_1_19' title="bbox 140 2104 1481 2192; baseline 0.001 -28"><span class='ocrx_word' id='word_1_199' title='bbox 140 2104 215 2182; x_wconf 83' lang='lat' dir='ltr'><strong>pil</strong></span> <span class='ocrx_word' id='word_1_200' title='bbox 238 2107 285 2166; x_wconf 87' lang='lat' dir='ltr'><strong>ed.</strong></span> <span class='ocrx_word' id='word_1_201' title='bbox 297 2109 348 2183; x_wconf 89' lang='lat' dir='ltr'><strong>M.)</strong></span> <span class='ocrx_word' id='word_1_202' title='bbox 368 2116 398 2167; x_wconf 90' lang='lat' dir='ltr'><strong>et</strong></span> <span class='ocrx_word' id='word_1_203' title='bbox 411 2108 543 2167; x_wconf 82' lang='lat' dir='ltr'><strong>Senecae</strong></span> <span class='ocrx_word' id='word_1_204' title='bbox 559 2113 642 2184; x_wconf 82' lang='lat' dir='ltr'><strong>(epist.</strong></span> <span class='ocrx_word' id='word_1_205' title='bbox 662 2110 739 2183; x_wconf 80' lang='lat'><em>115),</em></span> <span class='ocrx_word' id='word_1_206' title='bbox 759 2109 865 2192; x_wconf 87' lang='lat' dir='ltr'><strong>quibas</strong></span> <span class='ocrx_word' id='word_1_207' title='bbox 885 2108 921 2168; x_wconf 92' lang='lat' dir='ltr'><strong>de</strong></span> <span class='ocrx_word' id='word_1_208' title='bbox 937 2109 1012 2185; x_wconf 91' lang='lat' dir='ltr'><strong>stipe</strong></span> <span class='ocrx_word' id='word_1_209' title='bbox 1027 2125 1121 2166; x_wconf 88' lang='lat' dir='ltr'><strong>sermo</strong></span> <span class='ocrx_word' id='word_1_210' title='bbox 1136 2115 1182 2165; x_wconf 87' lang='lat' dir='ltr'><strong>est</strong></span> <span class='ocrx_word' id='word_1_211' title='bbox 1195 2105 1313 2164; x_wconf 89' lang='lat' dir='ltr'><strong>deorum</strong></span> <span class='ocrx_word' id='word_1_212' title='bbox 1334 2106 1481 2168; x_wconf 85' lang='lat' dir='ltr'><strong>thesauris</strong></span> 
     </span>
     <span class='ocr_line' id='line_1_20' title="bbox 141 2201 1481 2262; baseline 0 -3"><span class='ocrx_word' id='word_1_213' title='bbox 141 2201 218 2261; x_wconf 81' lang='lat' dir='ltr'><strong>data</strong></span> <span class='ocrx_word' id='word_1_214' title='bbox 263 2201 403 2262; x_wconf 84' lang='lat' dir='ltr'><strong>Ceterum</strong></span> <span class='ocrx_word' id='word_1_215' title='bbox 424 2210 494 2262; x_wconf 92' lang='lat' dir='ltr'><strong>uota</strong></span> <span class='ocrx_word' id='word_1_216' title='bbox 513 2204 542 2262; x_wconf 92' lang='lat' dir='ltr'><strong>in</strong></span> <span class='ocrx_word' id='word_1_217' title='bbox 563 2203 637 2262; x_wconf 88' lang='lat' dir='ltr'><strong>actis</strong></span> <span class='ocrx_word' id='word_1_218' title='bbox 657 2204 776 2262; x_wconf 89' lang='lat' dir='ltr'><strong>incertis</strong></span> <span class='ocrx_word' id='word_1_219' title='bbox 802 2202 907 2261; x_wconf 88' lang='lat' dir='ltr'><strong>aetatis</strong></span> <span class='ocrx_word' id='word_1_220' title='bbox 921 2201 1086 2261; x_wconf 85' lang='lat' dir='ltr'><strong>Alexandri</strong></span> <span class='ocrx_word' id='word_1_221' title='bbox 1100 2205 1127 2260; x_wconf 90' lang='lat' dir='ltr'><strong>A</strong></span> <span class='ocrx_word' id='word_1_222' title='bbox 1148 2201 1190 2260; x_wconf 89' lang='lat' dir='ltr'><strong>ita</strong></span> <span class='ocrx_word' id='word_1_223' title='bbox 1204 2201 1350 2261; x_wconf 85' lang='lat' dir='ltr'><strong>dationem</strong></span> <span class='ocrx_word' id='word_1_224' title='bbox 1365 2201 1481 2261; x_wconf 91' lang='lat' dir='ltr'><strong>thesau-</strong></span> 
     </span>
     <span class='ocr_line' id='line_1_21' title="bbox 141 2295 1483 2374; baseline 0 -20"><span class='ocrx_word' id='word_1_225' title='bbox 141 2313 235 2354; x_wconf 87' lang='lat' dir='ltr'><strong>rorum</strong></span> <span class='ocrx_word' id='word_1_226' title='bbox 256 2297 379 2357; x_wconf 86' lang='lat' dir='ltr'><strong>relatam</strong></span> <span class='ocrx_word' id='word_1_227' title='bbox 399 2313 478 2370; x_wconf 88' lang='lat' dir='ltr'><strong>esse,</strong></span> <span class='ocrx_word' id='word_1_228' title='bbox 506 2306 538 2356; x_wconf 90' lang='lat' dir='ltr'><strong>ut</strong></span> <span class='ocrx_word' id='word_1_229' title='bbox 562 2307 706 2374; x_wconf 82' lang='lat' dir='ltr'><strong>appareat</strong></span> <span class='ocrx_word' id='word_1_230' title='bbox 730 2299 837 2356; x_wconf 85' lang='lat' dir='ltr'><strong>iratres</strong></span> <span class='ocrx_word' id='word_1_231' title='bbox 864 2314 930 2355; x_wconf 86' lang='lat' dir='ltr'><strong>mox</strong></span> <span class='ocrx_word' id='word_1_232' title='bbox 958 2297 996 2355; x_wconf 91' lang='lat' dir='ltr'><strong>ad</strong></span> <span class='ocrx_word' id='word_1_233' title='bbox 1016 2313 1094 2356; x_wconf 86' lang='lat' dir='ltr'><strong>aram</strong></span> <span class='ocrx_word' id='word_1_234' title='bbox 1116 2295 1280 2354; x_wconf 84' lang='lat' dir='ltr'><strong>revertisse.</strong></span> <span class='ocrx_word' id='word_1_235' title='bbox 1302 2327 1341 2340; x_wconf 90' lang='lat'><em>-</em></span> <span class='ocrx_word' id='word_1_236' title='bbox 1359 2295 1411 2354; x_wconf 88' lang='lat' dir='ltr'><strong>Ab</strong></span> <span class='ocrx_word' id='word_1_237' title='bbox 1431 2313 1483 2354; x_wconf 87' lang='lat' dir='ltr'><strong>ara</strong></span> 
     </span>
     <span class='ocr_line' id='line_1_22' title="bbox 140 2389 1481 2467; baseline 0.001 -19"><span class='ocrx_word' id='word_1_238' title='bbox 140 2389 211 2450; x_wconf 88' lang='lat' dir='ltr'><strong>deae</strong></span> <span class='ocrx_word' id='word_1_239' title='bbox 232 2397 390 2467; x_wconf 87' lang='lat' dir='ltr'><strong>postquam</strong></span> <span class='ocrx_word' id='word_1_240' title='bbox 411 2392 538 2451; x_wconf 83' lang='lat' dir='ltr'><strong>Arvales</strong></span> <span class='ocrx_word' id='word_1_241' title='bbox 566 2391 728 2466; x_wconf 87' lang='lat' dir='ltr'><strong>redierunt,</strong></span> <span class='ocrx_word' id='word_1_242' title='bbox 755 2391 858 2450; x_wconf 89' lang='lat' dir='ltr'><strong>flamen</strong></span> <span class='ocrx_word' id='word_1_243' title='bbox 884 2391 930 2449; x_wconf 85' lang='lat' dir='ltr'><strong>vel</strong></span> <span class='ocrx_word' id='word_1_244' title='bbox 957 2389 1115 2467; x_wconf 81' lang='lat' dir='ltr'><strong>probamen</strong></span> <span class='ocrx_word' id='word_1_245' title='bbox 1141 2399 1170 2450; x_wconf 90' lang='lat' dir='ltr'><strong>et</strong></span> <span class='ocrx_word' id='word_1_246' title='bbox 1189 2391 1329 2466; x_wconf 81' lang='lat' dir='ltr'><strong>magister</strong></span> <span class='ocrx_word' id='word_1_247' title='bbox 1348 2389 1393 2448; x_wconf 82' lang='lat' dir='ltr'><strong>vel</strong></span> <span class='ocrx_word' id='word_1_248' title='bbox 1414 2407 1481 2466; x_wconf 91' lang='lat' dir='ltr'><strong>pro·</strong></span> 
     </span>
     <span class='ocr_line' id='line_1_23' title="bbox 140 2485 1483 2563; baseline 0 -19"><span class='ocrx_word' id='word_1_249' title='bbox 140 2485 282 2562; x_wconf 79' lang='lat' dir='ltr'><strong>magister</strong></span> <span class='ocrx_word' id='word_1_250' title='bbox 300 2487 428 2563; x_wconf 82' lang='lat' dir='ltr'><strong>scyphos</strong></span> <span class='ocrx_word' id='word_1_251' title='bbox 448 2495 606 2562; x_wconf 82' lang='lat' dir='ltr'><strong>argenteos</strong></span> <span class='ocrx_word' id='word_1_252' title='bbox 621 2505 684 2546; x_wconf 80' lang='lat' dir='ltr'><strong>crim</strong></span> <span class='ocrx_word' id='word_1_253' title='bbox 707 2486 865 2563; x_wconf 85' lang='lat' dir='ltr'><strong>sumpnriis</strong></span> <span class='ocrx_word' id='word_1_254' title='bbox 881 2487 947 2544; x_wconf 89' lang='lat' dir='ltr'><strong>vino</strong></span> <span class='ocrx_word' id='word_1_255' title='bbox 962 2485 1082 2562; x_wconf 88' lang='lat' dir='ltr'><strong>repletis</strong></span> <span class='ocrx_word' id='word_1_256' title='bbox 1098 2491 1128 2543; x_wconf 92' lang='lat' dir='ltr'><strong>et</strong></span> <span class='ocrx_word' id='word_1_257' title='bbox 1142 2503 1258 2545; x_wconf 86' lang='lat' dir='ltr'><strong>acerras</strong></span> <span class='ocrx_word' id='word_1_258' title='bbox 1273 2486 1399 2543; x_wconf 86' lang='lat' dir='ltr'><strong>ferentes</strong></span> <span class='ocrx_word' id='word_1_259' title='bbox 1414 2490 1483 2544; x_wconf 85' lang='lat' dir='ltr'><strong>ante</strong></span> 
     </span>
     <span class='ocr_line' id='line_1_24' title="bbox 140 2578 1482 2654; baseline 0 -16"><span class='ocrx_word' id='word_1_260' title='bbox 140 2589 254 2640; x_wconf 89' lang='lat' dir='ltr'><strong>osteum</strong></span> <span class='ocrx_word' id='word_1_261' title='bbox 275 2587 338 2640; x_wconf 87' lang='lat' dir='ltr'><strong>ture</strong></span> <span class='ocrx_word' id='word_1_262' title='bbox 359 2588 389 2639; x_wconf 88' lang='lat' dir='ltr'><strong>et</strong></span> <span class='ocrx_word' id='word_1_263' title='bbox 409 2581 476 2639; x_wconf 84' lang='lat' dir='ltr'><strong>vino</strong></span> <span class='ocrx_word' id='word_1_264' title='bbox 496 2582 644 2654; x_wconf 85' lang='lat' dir='ltr'><strong>iecerunt,</strong></span> <span class='ocrx_word' id='word_1_265' title='bbox 665 2583 769 2640; x_wconf 86' lang='lat' dir='ltr'><strong>fratres</strong></span> <span class='ocrx_word' id='word_1_266' title='bbox 792 2586 887 2640; x_wconf 87' lang='lat' dir='ltr'><strong>autern</strong></span> <span class='ocrx_word' id='word_1_267' title='bbox 908 2589 976 2639; x_wconf 88' lang='lat' dir='ltr'><strong>ante</strong></span> <span class='ocrx_word' id='word_1_268' title='bbox 998 2587 1108 2638; x_wconf 89' lang='lat' dir='ltr'><strong>osteum</strong></span> <span class='ocrx_word' id='word_1_269' title='bbox 1129 2579 1305 2640; x_wconf 87' lang='lat' dir='ltr'><strong>restiterunt.</strong></span> <span class='ocrx_word' id='word_1_270' title='bbox 1326 2611 1363 2623; x_wconf 90' lang='lat'><em>-</em></span> <span class='ocrx_word' id='word_1_271' title='bbox 1382 2578 1482 2638; x_wconf 89' lang='lat' dir='ltr'><strong>Locus</strong></span> 
     </span>
     <span class='ocr_line' id='line_1_25' title="bbox 140 2673 1481 2751; baseline -0.001 -17"><span class='ocrx_word' id='word_1_272' title='bbox 140 2673 258 2750; x_wconf 91' lang='lat' dir='ltr'><strong>quidem</strong></span> <span class='ocrx_word' id='word_1_273' title='bbox 278 2680 418 2748; x_wconf 89' lang='lat' dir='ltr'><strong>actorum,</strong></span> <span class='ocrx_word' id='word_1_274' title='bbox 440 2691 497 2751; x_wconf 86' lang='lat' dir='ltr'><strong>qno</strong></span> <span class='ocrx_word' id='word_1_275' title='bbox 519 2675 591 2734; x_wconf 88' lang='lat' dir='ltr'><strong>haec</strong></span> <span class='ocrx_word' id='word_1_276' title='bbox 612 2678 802 2749; x_wconf 89' lang='lat' dir='ltr'><strong>continentur,</strong></span> <span class='ocrx_word' id='word_1_277' title='bbox 824 2673 938 2734; x_wconf 89' lang='lat' dir='ltr'><strong>omissis</strong></span> <span class='ocrx_word' id='word_1_278' title='bbox 960 2675 1139 2750; x_wconf 78' lang='lat' dir='ltr'><strong>particulari</strong></span> <span class='ocrx_word' id='word_1_279' title='bbox 1153 2681 1220 2732; x_wconf 89' lang='lat' dir='ltr'><strong>ante</strong></span> <span class='ocrx_word' id='word_1_280' title='bbox 1242 2691 1358 2733; x_wconf 84' lang='lat' dir='ltr'><strong>acerras</strong></span> <span class='ocrx_word' id='word_1_281' title='bbox 1380 2673 1481 2732; x_wconf 81' lang='lat' dir='ltr'><strong>verbo-</strong></span> 
     </span>
    </p>
   </div>
   <div class='ocr_carea' id='block_1_3' title="bbox 104 2766 1514 2942">
    <p class='ocr_par' dir='ltr' id='par_1_4' title="bbox 104 2766 1514 2942">
     <span class='ocr_line' id='line_1_26' title="bbox 104 2766 1514 2846; baseline -0.001 -19"><span class='ocrx_word' id='word_1_282' title='bbox 104 2789 107 2800; x_wconf 91' lang='grc'><strong><em>·</em></strong></span> <span class='ocrx_word' id='word_1_283' title='bbox 139 2787 205 2846; x_wconf 92' lang='lat' dir='ltr'><strong>qne,</strong></span> <span class='ocrx_word' id='word_1_284' title='bbox 225 2767 307 2846; x_wconf 86' lang='lat' dir='ltr'><strong>quod</strong></span> <span class='ocrx_word' id='word_1_285' title='bbox 325 2785 382 2826; x_wconf 92' lang='lat' dir='ltr'><strong>nou</strong></span> <span class='ocrx_word' id='word_1_286' title='bbox 402 2775 503 2845; x_wconf 88' lang='lat' dir='ltr'><strong>potest</strong></span> <span class='ocrx_word' id='word_1_287' title='bbox 522 2770 635 2842; x_wconf 88' lang='lat' dir='ltr'><strong>deesse,</strong></span> <span class='ocrx_word' id='word_1_288' title='bbox 649 2774 766 2846; x_wconf 74' lang='lat' dir='ltr'><strong>serastes</strong></span> <span class='ocrx_word' id='word_1_289' title='bbox 787 2771 885 2846; x_wconf 88' lang='lat' dir='ltr'><strong>paullo</strong></span> <span class='ocrx_word' id='word_1_290' title='bbox 905 2769 1057 2828; x_wconf 88' lang='lat' dir='ltr'><strong>obscurior</strong></span> <span class='ocrx_word' id='word_1_291' title='bbox 1077 2775 1135 2828; x_wconf 88' lang='lat' dir='ltr'><strong>est:</strong></span> <span class='ocrx_word' id='word_1_292' title='bbox 1157 2767 1246 2826; x_wconf 91' lang='lat' dir='ltr'><strong>nihllo</strong></span> <span class='ocrx_word' id='word_1_293' title='bbox 1269 2775 1366 2828; x_wconf 89' lang='lat' dir='ltr'><strong>tamen</strong></span> <span class='ocrx_word' id='word_1_294' title='bbox 1387 2766 1481 2826; x_wconf 90' lang='lat' dir='ltr'><strong>miuns</strong></span> <span class='ocrx_word' id='word_1_295' title='bbox 1512 2767 1514 2772; x_wconf 80' lang='grc'>’</span> 
     </span>
     <span class='ocr_line' id='line_1_27' title="bbox 140 2861 1483 2942; baseline -0.004 -18"><span class='ocrx_word' id='word_1_296' title='bbox 140 2873 219 2926; x_wconf 88' lang='lat' dir='ltr'><strong>recte</strong></span> <span class='ocrx_word' id='word_1_297' title='bbox 241 2864 298 2924; x_wconf 90' lang='lat' dir='ltr'><strong>iam</strong></span> <span class='ocrx_word' id='word_1_298' title='bbox 319 2881 337 2921; x_wconf 90' lang='lat' dir='ltr'><strong>a</strong></span> <span class='ocrx_word' id='word_1_299' title='bbox 355 2861 484 2921; x_wconf 88' lang='lat' dir='ltr'><strong>Marinio</strong></span> <span class='ocrx_word' id='word_1_300' title='bbox 506 2864 618 2924; x_wconf 87' lang='lat' dir='ltr'><strong>videtur</strong></span> <span class='ocrx_word' id='word_1_301' title='bbox 638 2867 773 2942; x_wconf 88' lang='lat' dir='ltr'><strong>expletus</strong></span> <span class='ocrx_word' id='word_1_302' title='bbox 792 2881 866 2924; x_wconf 87' lang='lat' dir='ltr'><strong>esse.</strong></span> <span class='ocrx_word' id='word_1_303' title='bbox 905 2863 1029 2922; x_wconf 83' lang='lat' dir='ltr'><strong>Osteunr</strong></span> <span class='ocrx_word' id='word_1_304' title='bbox 1050 2864 1124 2924; x_wconf 89' lang='lat' dir='ltr'><strong>euim</strong></span> <span class='ocrx_word' id='word_1_305' title='bbox 1146 2880 1267 2924; x_wconf 88' lang='lat' dir='ltr'><strong>necesse</strong></span> <span class='ocrx_word' id='word_1_306' title='bbox 1283 2869 1328 2921; x_wconf 90' lang='lat' dir='ltr'><strong>est</strong></span> <span class='ocrx_word' id='word_1_307' title='bbox 1342 2862 1381 2920; x_wconf 90' lang='lat' dir='ltr'><strong>sit</strong></span> <span class='ocrx_word' id='word_1_308' title='bbox 1394 2863 1483 2921; x_wconf 88' lang='lat' dir='ltr'><strong>launa</strong></span> 
     </span>
    </p>
   </div>
   <div class='ocr_carea' id='block_1_4' title="bbox 138 2955 1483 4170">
    <p class='ocr_par' dir='ltr' id='par_1_5' title="bbox 139 2955 1480 3223">
     <span class='ocr_line' id='line_1_28' title="bbox 140 2955 1480 3034; baseline -0.002 -17"><span class='ocrx_word' id='word_1_309' title='bbox 140 2958 234 3032; x_wconf 85' lang='lat' dir='ltr'><strong>aedis,</strong></span> <span class='ocrx_word' id='word_1_310' title='bbox 255 2975 331 3034; x_wconf 89' lang='lat' dir='ltr'><strong>quae</strong></span> <span class='ocrx_word' id='word_1_311' title='bbox 352 2969 594 3018; x_wconf 86' lang='lat' dir='ltr'><strong>commemoratur</strong></span> <span class='ocrx_word' id='word_1_312' title='bbox 613 2961 641 3018; x_wconf 92' lang='lat' dir='ltr'><strong>iu</strong></span> <span class='ocrx_word' id='word_1_313' title='bbox 663 2961 737 3020; x_wconf 85' lang='lat' dir='ltr'><strong>actis</strong></span> <span class='ocrx_word' id='word_1_314' title='bbox 759 2960 864 3019; x_wconf 86' lang='lat' dir='ltr'><strong>aetatis</strong></span> <span class='ocrx_word' id='word_1_315' title='bbox 885 2958 1050 3018; x_wconf 86' lang='lat' dir='ltr'><strong>Alexandri</strong></span> <span class='ocrx_word' id='word_1_316' title='bbox 1070 2963 1113 3031; x_wconf 90' lang='lat' dir='ltr'><strong>A,</strong></span> <span class='ocrx_word' id='word_1_317' title='bbox 1143 2967 1175 3016; x_wconf 91' lang='lat' dir='ltr'><strong>ut</strong></span> <span class='ocrx_word' id='word_1_318' title='bbox 1204 2957 1309 3016; x_wconf 87' lang='lat' dir='ltr'><strong>iratres</strong></span> <span class='ocrx_word' id='word_1_319' title='bbox 1330 2963 1401 3032; x_wconf 90' lang='lat' dir='ltr'><strong>post</strong></span> <span class='ocrx_word' id='word_1_320' title='bbox 1419 2955 1480 3015; x_wconf 88' lang='lat' dir='ltr'><strong>the·</strong></span> 
     </span>
     <span class='ocr_line' id='line_1_29' title="bbox 139 3050 1480 3127; baseline -0.001 -16"><span class='ocrx_word' id='word_1_321' title='bbox 139 3069 245 3112; x_wconf 89' lang='lat' dir='ltr'><strong>sauros</strong></span> <span class='ocrx_word' id='word_1_322' title='bbox 267 3051 356 3110; x_wconf 88' lang='lat' dir='ltr'><strong>datos</strong></span> <span class='ocrx_word' id='word_1_323' title='bbox 374 3051 469 3110; x_wconf 91' lang='lat' dir='ltr'><strong>lucum</strong></span> <span class='ocrx_word' id='word_1_324' title='bbox 491 3053 584 3112; x_wconf 86' lang='lat' dir='ltr'><strong>denno</strong></span> <span class='ocrx_word' id='word_1_325' title='bbox 605 3053 929 3114; x_wconf 85' lang='lat' dir='ltr'><strong>adscenderiutatante</strong></span> <span class='ocrx_word' id='word_1_326' title='bbox 941 3053 1056 3111; x_wconf 86' lang='lat' dir='ltr'><strong>ianuam</strong></span> <span class='ocrx_word' id='word_1_327' title='bbox 1072 3051 1153 3111; x_wconf 87' lang='lat' dir='ltr'><strong>aedis</strong></span> <span class='ocrx_word' id='word_1_328' title='bbox 1169 3051 1359 3124; x_wconf 86' lang='lat' dir='ltr'><strong>constiterint,</strong></span> <span class='ocrx_word' id='word_1_329' title='bbox 1380 3050 1480 3127; x_wconf 87' lang='lat' dir='ltr'><strong>ibique</strong></span> 
     </span>
     <span class='ocr_line' id='line_1_30' title="bbox 139 3145 829 3223; baseline 0 -17"><span class='ocrx_word' id='word_1_330' title='bbox 139 3147 282 3223; x_wconf 75' lang='lat' dir='ltr'><strong>magister</strong></span> <span class='ocrx_word' id='word_1_331' title='bbox 301 3163 335 3204; x_wconf 91' lang='lat' dir='ltr'><strong>ac</strong></span> <span class='ocrx_word' id='word_1_332' title='bbox 357 3145 543 3206; x_wconf 80' lang='lat' dir='ltr'><strong>dementare</strong></span> <span class='ocrx_word' id='word_1_333' title='bbox 564 3157 593 3206; x_wconf 88' lang='lat' dir='ltr'><strong>et</strong></span> <span class='ocrx_word' id='word_1_334' title='bbox 615 3149 680 3208; x_wconf 85' lang='lat' dir='ltr'><strong>vino</strong></span> <span class='ocrx_word' id='word_1_335' title='bbox 701 3148 829 3208; x_wconf 85' lang='lat' dir='ltr'><strong>iecerint.</strong></span> 
     </span>
    </p>

    <p class='ocr_par' dir='ltr' id='par_1_6' title="bbox 138 3237 1483 4170">
     <span class='ocr_line' id='line_1_31' title="bbox 216 3237 1480 3315; baseline -0.002 -17"><span class='ocrx_word' id='word_1_336' title='bbox 216 3241 284 3315; x_wconf 82' lang='lat' dir='ltr'><strong>Quo</strong></span> <span class='ocrx_word' id='word_1_337' title='bbox 304 3241 384 3300; x_wconf 82' lang='lat' dir='ltr'><strong>lacto</strong></span> <span class='ocrx_word' id='word_1_338' title='bbox 403 3257 504 3300; x_wconf 89' lang='lat' dir='ltr'><strong>omnes</strong></span> <span class='ocrx_word' id='word_1_339' title='bbox 526 3252 593 3302; x_wconf 86' lang='lat' dir='ltr'><strong>ante</strong></span> <span class='ocrx_word' id='word_1_340' title='bbox 614 3253 726 3302; x_wconf 89' lang='lat' dir='ltr'><strong>osteum</strong></span> <span class='ocrx_word' id='word_1_341' title='bbox 752 3245 934 3315; x_wconf 82' lang='lat' dir='ltr'><strong>restiterunt3</strong></span> <span class='ocrx_word' id='word_1_342' title='bbox 959 3259 1024 3298; x_wconf 89' lang='lat' dir='ltr'><strong>narn</strong></span> <span class='ocrx_word' id='word_1_343' title='bbox 1052 3240 1170 3298; x_wconf 86' lang='lat' dir='ltr'><strong>verbnm</strong></span> <span class='ocrx_word' id='word_1_344' title='bbox 1196 3243 1347 3295; x_wconf 79' lang='lat' dir='ltr'><strong>restiterunt</strong></span> <span class='ocrx_word' id='word_1_345' title='bbox 1365 3237 1480 3296; x_wconf 90' lang='lat' dir='ltr'><strong>minime</strong></span> 
     </span>
     <span class='ocr_line' id='line_1_32' title="bbox 139 3333 1482 3412; baseline -0.004 -17"><span class='ocrx_word' id='word_1_346' title='bbox 139 3337 178 3396; x_wconf 88' lang='lat' dir='ltr'><strong>ad</strong></span> <span class='ocrx_word' id='word_1_347' title='bbox 200 3337 282 3395; x_wconf 90' lang='lat' dir='ltr'><strong>solos</strong></span> <span class='ocrx_word' id='word_1_348' title='bbox 303 3334 447 3394; x_wconf 88' lang='lat' dir='ltr'><strong>flaminem</strong></span> <span class='ocrx_word' id='word_1_349' title='bbox 468 3345 497 3395; x_wconf 91' lang='lat' dir='ltr'><strong>et</strong></span> <span class='ocrx_word' id='word_1_350' title='bbox 517 3339 697 3412; x_wconf 82' lang='lat' dir='ltr'><strong>magistrum,</strong></span> <span class='ocrx_word' id='word_1_351' title='bbox 718 3336 769 3394; x_wconf 91' lang='lat' dir='ltr'><strong>sed</strong></span> <span class='ocrx_word' id='word_1_352' title='bbox 786 3335 824 3394; x_wconf 90' lang='lat' dir='ltr'><strong>ad</strong></span> <span class='ocrx_word' id='word_1_353' title='bbox 844 3338 949 3394; x_wconf 85' lang='lat' dir='ltr'><strong>iratres</strong></span> <span class='ocrx_word' id='word_1_354' title='bbox 964 3353 1064 3394; x_wconf 91' lang='lat' dir='ltr'><strong>omnes</strong></span> <span class='ocrx_word' id='word_1_355' title='bbox 1078 3333 1260 3392; x_wconf 78' lang='lat' dir='ltr'><strong>referendum</strong></span> <span class='ocrx_word' id='word_1_356' title='bbox 1275 3349 1340 3390; x_wconf 85' lang='lat' dir='ltr'><strong>esse</strong></span> <span class='ocrx_word' id='word_1_357' title='bbox 1356 3339 1482 3408; x_wconf 89' lang='lat' dir='ltr'><strong>apparet</strong></span> 
     </span>
     <span class='ocr_line' id='line_1_33' title="bbox 138 3425 1479 3508; baseline -0.004 -19"><span class='ocrx_word' id='word_1_358' title='bbox 138 3449 176 3489; x_wconf 80' lang='lat' dir='ltr'><strong>ex</strong></span> <span class='ocrx_word' id='word_1_359' title='bbox 195 3430 234 3489; x_wconf 92' lang='lat' dir='ltr'><strong>iis</strong></span> <span class='ocrx_word' id='word_1_360' title='bbox 256 3447 330 3507; x_wconf 88' lang='lat' dir='ltr'><strong>quae</strong></span> <span class='ocrx_word' id='word_1_361' title='bbox 352 3440 518 3505; x_wconf 90' lang='lat' dir='ltr'><strong>sequnntur.</strong></span> <span class='ocrx_word' id='word_1_362' title='bbox 540 3463 574 3472; x_wconf 84' lang='lat'><strong>-</strong></span> <span class='ocrx_word' id='word_1_363' title='bbox 597 3431 707 3508; x_wconf 81' lang='lat' dir='ltr'><strong>Scypbi</strong></span> <span class='ocrx_word' id='word_1_364' title='bbox 728 3437 757 3490; x_wconf 87' lang='lat' dir='ltr'><strong>et</strong></span> <span class='ocrx_word' id='word_1_365' title='bbox 777 3433 937 3507; x_wconf 86' lang='lat' dir='ltr'><strong>sumpuvia,</strong></span> <span class='ocrx_word' id='word_1_366' title='bbox 958 3431 1027 3489; x_wconf 91' lang='lat' dir='ltr'><strong>licet</strong></span> <span class='ocrx_word' id='word_1_367' title='bbox 1045 3429 1179 3488; x_wconf 89' lang='lat' dir='ltr'><strong>hocloco</strong></span> <span class='ocrx_word' id='word_1_368' title='bbox 1199 3427 1240 3485; x_wconf 90' lang='lat' dir='ltr'><strong>ita</strong></span> <span class='ocrx_word' id='word_1_369' title='bbox 1255 3425 1479 3501; x_wconf 84' lang='lat' dir='ltr'><strong>distinguantur,</strong></span> 
     </span>
     <span class='ocr_line' id='line_1_34' title="bbox 139 3521 1481 3601; baseline -0.004 -19"><span class='ocrx_word' id='word_1_370' title='bbox 139 3533 170 3585; x_wconf 94' lang='lat' dir='ltr'><strong>ut</strong></span> <span class='ocrx_word' id='word_1_371' title='bbox 191 3523 296 3600; x_wconf 86' lang='lat' dir='ltr'><strong>scyphi</strong></span> <span class='ocrx_word' id='word_1_372' title='bbox 316 3541 371 3599; x_wconf 92' lang='lat' dir='ltr'><strong>pro</strong></span> <span class='ocrx_word' id='word_1_373' title='bbox 391 3523 516 3599; x_wconf 91' lang='lat' dir='ltr'><strong>poculis,</strong></span> <span class='ocrx_word' id='word_1_374' title='bbox 538 3527 691 3601; x_wconf 87' lang='lat' dir='ltr'><strong>sumpnvia</strong></span> <span class='ocrx_word' id='word_1_375' title='bbox 710 3543 764 3601; x_wconf 91' lang='lat' dir='ltr'><strong>pro</strong></span> <span class='ocrx_word' id='word_1_376' title='bbox 786 3527 879 3584; x_wconf 90' lang='lat' dir='ltr'><strong>urceis</strong></span> <span class='ocrx_word' id='word_1_377' title='bbox 897 3525 1050 3583; x_wconf 86' lang='lat' dir='ltr'><strong>videantur</strong></span> <span class='ocrx_word' id='word_1_378' title='bbox 1063 3521 1201 3582; x_wconf 89' lang='lat' dir='ltr'><strong>habenda</strong></span> <span class='ocrx_word' id='word_1_379' title='bbox 1213 3537 1289 3596; x_wconf 86' lang='lat' dir='ltr'><strong>esse,</strong></span> <span class='ocrx_word' id='word_1_380' title='bbox 1310 3521 1398 3597; x_wconf 88' lang='lat' dir='ltr'><strong>plane</strong></span> <span class='ocrx_word' id='word_1_381' title='bbox 1415 3537 1481 3579; x_wconf 91' lang='lat' dir='ltr'><strong>cun·</strong></span> 
     </span>
     <span class='ocr_line' id='line_1_35' title="bbox 140 3613 1482 3694; baseline -0.001 -18"><span class='ocrx_word' id='word_1_382' title='bbox 140 3618 305 3678; x_wconf 81' lang='lat' dir='ltr'><strong>funduntur</strong></span> <span class='ocrx_word' id='word_1_383' title='bbox 325 3617 352 3675; x_wconf 86' lang='lat' dir='ltr'><strong>in</strong></span> <span class='ocrx_word' id='word_1_384' title='bbox 374 3620 447 3678; x_wconf 87' lang='lat' dir='ltr'><strong>actis</strong></span> <span class='ocrx_word' id='word_1_385' title='bbox 469 3618 554 3678; x_wconf 89' lang='lat' dir='ltr'><strong>modo</strong></span> <span class='ocrx_word' id='word_1_386' title='bbox 575 3619 701 3676; x_wconf 89' lang='lat' dir='ltr'><strong>laudatis</strong></span> <span class='ocrx_word' id='word_1_387' title='bbox 728 3619 904 3694; x_wconf 86' lang='lat' dir='ltr'><strong>Alexandri,</strong></span> <span class='ocrx_word' id='word_1_388' title='bbox 931 3618 1038 3694; x_wconf 88' lang='lat' dir='ltr'><strong>quippe</strong></span> <span class='ocrx_word' id='word_1_389' title='bbox 1064 3619 1169 3694; x_wconf 89' lang='lat' dir='ltr'><strong>quihus</strong></span> <span class='ocrx_word' id='word_1_390' title='bbox 1192 3616 1360 3691; x_wconf 83' lang='lat' dir='ltr'><strong>magistrum</strong></span> <span class='ocrx_word' id='word_1_391' title='bbox 1381 3623 1411 3674; x_wconf 86' lang='lat' dir='ltr'><strong>et</strong></span> <span class='ocrx_word' id='word_1_392' title='bbox 1431 3613 1482 3674; x_wconf 88' lang='lat' dir='ltr'><strong>fla·</strong></span> 
     </span>
     <span class='ocr_line' id='line_1_36' title="bbox 142 3713 1483 3791; baseline -0.004 -19"><span class='ocrx_word' id='word_1_393' title='bbox 142 3715 250 3772; x_wconf 85' lang='lat' dir='ltr'><strong>minem</strong></span> <span class='ocrx_word' id='word_1_394' title='bbox 277 3729 391 3772; x_wconf 83' lang='lat' dir='ltr'><strong>sacrum</strong></span> <span class='ocrx_word' id='word_1_395' title='bbox 412 3713 519 3772; x_wconf 86' lang='lat' dir='ltr'><strong>iecisse</strong></span> <span class='ocrx_word' id='word_1_396' title='bbox 544 3713 676 3788; x_wconf 82' lang='lat' dir='ltr'><strong>legamus</strong></span> <span class='ocrx_word' id='word_1_397' title='bbox 710 3733 769 3772; x_wconf 85' lang='lat' dir='ltr'><strong>cam</strong></span> <span class='ocrx_word' id='word_1_398' title='bbox 797 3716 903 3791; x_wconf 77' lang='lat' dir='ltr'><strong>scyphis</strong></span> <span class='ocrx_word' id='word_1_399' title='bbox 927 3715 1007 3787; x_wconf 84' lang='lat' dir='ltr'><strong>oi[nu</strong></span> <span class='ocrx_word' id='word_1_400' title='bbox 1031 3715 1162 3788; x_wconf 61' lang='lat' dir='ltr'><strong>repletis}</strong></span> <span class='ocrx_word' id='word_1_401' title='bbox 1204 3715 1318 3781; x_wconf 67' lang='lat' dir='ltr'><strong>Acer-ro,</strong></span> <span class='ocrx_word' id='word_1_402' title='bbox 1338 3715 1355 3768; x_wconf 87' lang='lat' dir='ltr'><strong>i.</strong></span> <span class='ocrx_word' id='word_1_403' title='bbox 1371 3729 1391 3768; x_wconf 84' lang='lat' dir='ltr'><strong>e.</strong></span> <span class='ocrx_word' id='word_1_404' title='bbox 1414 3727 1483 3766; x_wconf 80' lang='lat' dir='ltr'><strong>orco</strong></span> 
     </span>
     <span class='ocr_line' id='line_1_37' title="bbox 144 3804 1481 3886; baseline -0.003 -20"><span class='ocrx_word' id='word_1_405' title='bbox 144 3811 244 3866; x_wconf 65' lang='lat' dir='ltr'><strong>corula</strong></span> <span class='ocrx_word' id='word_1_406' title='bbox 264 3806 405 3883; x_wconf 79' lang='lat' dir='ltr'><strong>(explicat</strong></span> <span class='ocrx_word' id='word_1_407' title='bbox 418 3805 537 3866; x_wconf 81' lang='lat' dir='ltr'><strong>Seruius</strong></span> <span class='ocrx_word' id='word_1_408' title='bbox 559 3807 596 3864; x_wconf 89' lang='lat' dir='ltr'><strong>ad</strong></span> <span class='ocrx_word' id='word_1_409' title='bbox 610 3811 686 3867; x_wconf 91' lang='lat' dir='ltr'><strong>Aen.</strong></span> <span class='ocrx_word' id='word_1_410' title='bbox 707 3811 733 3883; x_wconf 82' lang='lat'><strong>5,</strong></span> <span class='ocrx_word' id='word_1_411' title='bbox 748 3808 826 3886; x_wconf 70' lang='lat'><strong>⁷45),</strong></span> <span class='ocrx_word' id='word_1_412' title='bbox 848 3825 936 3885; x_wconf 89' lang='lat' dir='ltr'><strong>saepe</strong></span> <span class='ocrx_word' id='word_1_413' title='bbox 951 3809 1094 3884; x_wconf 87' lang='lat' dir='ltr'><strong>reperitur</strong></span> <span class='ocrx_word' id='word_1_414' title='bbox 1108 3809 1137 3866; x_wconf 92' lang='lat' dir='ltr'><strong>in</strong></span> <span class='ocrx_word' id='word_1_415' title='bbox 1152 3805 1353 3878; x_wconf 88' lang='lat' dir='ltr'><strong>monumentis,</strong></span> <span class='ocrx_word' id='word_1_416' title='bbox 1376 3804 1481 3881; x_wconf 87' lang='lat' dir='ltr'><strong>quibus</strong></span> 
     </span>
     <span class='ocr_line' id='line_1_38' title="bbox 139 3898 1479 3978; baseline -0.004 -16"><span class='ocrx_word' id='word_1_417' title='bbox 139 3901 251 3962; x_wconf 85' lang='lat' dir='ltr'><strong>camilli</strong></span> <span class='ocrx_word' id='word_1_418' title='bbox 270 3908 529 3978; x_wconf 86' lang='lat' dir='ltr'><strong>repraesentantur</strong></span> <span class='ocrx_word' id='word_1_419' title='bbox 550 3901 700 3960; x_wconf 85' lang='lat' dir='ltr'><strong>sacrificiis</strong></span> <span class='ocrx_word' id='word_1_420' title='bbox 720 3903 880 3962; x_wconf 88' lang='lat' dir='ltr'><strong>adstantes.</strong></span> <span class='ocrx_word' id='word_1_421' title='bbox 920 3903 1013 3962; x_wconf 85' lang='lat' dir='ltr'><strong>Recte</strong></span> <span class='ocrx_word' id='word_1_422' title='bbox 1035 3901 1123 3977; x_wconf 84' lang='lat' dir='ltr'><strong>igitur</strong></span> <span class='ocrx_word' id='word_1_423' title='bbox 1143 3919 1174 3959; x_wconf 89' lang='lat' dir='ltr'><strong>se</strong></span> <span class='ocrx_word' id='word_1_424' title='bbox 1194 3901 1299 3974; x_wconf 89' lang='lat' dir='ltr'><strong>habet,</strong></span> <span class='ocrx_word' id='word_1_425' title='bbox 1322 3898 1402 3976; x_wconf 92' lang='lat' dir='ltr'><strong>qnod</strong></span> <span class='ocrx_word' id='word_1_426' title='bbox 1423 3904 1479 3957; x_wconf 90' lang='lat' dir='ltr'><strong>Ar-</strong></span> 
     </span>
     <span class='ocr_line' id='line_1_39' title="bbox 139 3993 1483 4072; baseline -0.004 -15"><span class='ocrx_word' id='word_1_427' title='bbox 139 3999 235 4069; x_wconf 85' lang='lat' dir='ltr'><strong>vales,</strong></span> <span class='ocrx_word' id='word_1_428' title='bbox 255 4013 319 4054; x_wconf 85' lang='lat' dir='ltr'><strong>eum</strong></span> <span class='ocrx_word' id='word_1_429' title='bbox 340 4001 407 4052; x_wconf 88' lang='lat' dir='ltr'><strong>aute</strong></span> <span class='ocrx_word' id='word_1_430' title='bbox 428 3995 544 4054; x_wconf 86' lang='lat' dir='ltr'><strong>ianuam</strong></span> <span class='ocrx_word' id='word_1_431' title='bbox 564 4005 627 4054; x_wconf 86' lang='lat' dir='ltr'><strong>ture</strong></span> <span class='ocrx_word' id='word_1_432' title='bbox 649 4005 677 4056; x_wconf 92' lang='lat' dir='ltr'><strong>et</strong></span> <span class='ocrx_word' id='word_1_433' title='bbox 698 3999 763 4056; x_wconf 88' lang='lat' dir='ltr'><strong>vino</strong></span> <span class='ocrx_word' id='word_1_434' title='bbox 783 3999 950 4058; x_wconf 83' lang='lat' dir='ltr'><strong>laciendum</strong></span> <span class='ocrx_word' id='word_1_435' title='bbox 972 3997 1018 4071; x_wconf 88' lang='lat' dir='ltr'><strong>sit,</strong></span> <span class='ocrx_word' id='word_1_436' title='bbox 1040 4015 1155 4056; x_wconf 87' lang='lat' dir='ltr'><strong>acerras</strong></span> <span class='ocrx_word' id='word_1_437' title='bbox 1170 4003 1199 4054; x_wconf 89' lang='lat' dir='ltr'><strong>et</strong></span> <span class='ocrx_word' id='word_1_438' title='bbox 1213 3993 1339 4072; x_wconf 89' lang='lat' dir='ltr'><strong>scyphos</strong></span> <span class='ocrx_word' id='word_1_439' title='bbox 1361 4009 1483 4052; x_wconf 88' lang='lat' dir='ltr'><strong>aosum·</strong></span> 
     </span>
     <span class='ocr_line' id='line_1_40' title="bbox 138 4087 1480 4170; baseline -0.004 -20"><span class='ocrx_word' id='word_1_440' title='bbox 138 4092 231 4170; x_wconf 89' lang='lat' dir='ltr'><strong>puria</strong></span> <span class='ocrx_word' id='word_1_441' title='bbox 249 4090 305 4165; x_wconf 88' lang='lat' dir='ltr'><strong>ipsi</strong></span> <span class='ocrx_word' id='word_1_442' title='bbox 325 4089 404 4146; x_wconf 86' lang='lat' dir='ltr'><strong>iores</strong></span> <span class='ocrx_word' id='word_1_443' title='bbox 425 4089 570 4150; x_wconf 85' lang='lat' dir='ltr'><strong>adierunt.</strong></span> <span class='ocrx_word' id='word_1_444' title='bbox 611 4089 671 4151; x_wconf 89' lang='lat' dir='ltr'><strong>Ubi</strong></span> <span class='ocrx_word' id='word_1_445' title='bbox 698 4091 764 4150; x_wconf 89' lang='lat' dir='ltr'><strong>dum</strong></span> <span class='ocrx_word' id='word_1_446' title='bbox 791 4100 944 4151; x_wconf 89' lang='lat' dir='ltr'><strong>remanent</strong></span> <span class='ocrx_word' id='word_1_447' title='bbox 968 4091 1119 4166; x_wconf 78' lang='lat' dir='ltr'><strong>collegae,</strong></span> <span class='ocrx_word' id='word_1_448' title='bbox 1145 4090 1202 4148; x_wconf 91' lang='lat' dir='ltr'><strong>dno</strong></span> <span class='ocrx_word' id='word_1_449' title='bbox 1225 4087 1394 4148; x_wconf 88' lang='lat' dir='ltr'><strong>sacerdotes</strong></span> <span class='ocrx_word' id='word_1_450' title='bbox 1416 4103 1480 4145; x_wconf 91' lang='lat' dir='ltr'><strong>cum</strong></span> 
     </span>
    </p>
   </div>
   <div class='ocr_carea' id='block_1_5' title="bbox 134 4345 1486 5034">
    <p class='ocr_par' dir='ltr' id='par_1_7' title="bbox 134 4345 1485 4770">
     <span class='ocr_line' id='line_1_41' title="bbox 134 4345 1485 4422; baseline -0.005 -18"><span class='ocrx_word' id='word_1_451' title='bbox 134 4354 253 4422; x_wconf 81' lang='lat' dir='ltr'><strong>proprio</strong></span> <span class='ocrx_word' id='word_1_452' title='bbox 270 4352 340 4404; x_wconf 82' lang='lat' dir='ltr'><strong>delle</strong></span> <span class='ocrx_word' id='word_1_453' title='bbox 357 4368 431 4404; x_wconf 83' lang='lat' dir='ltr'><strong>rocca</strong></span> <span class='ocrx_word' id='word_1_454' title='bbox 449 4351 603 4404; x_wconf 82' lang='lat' dir='ltr'><strong>oalccuiche</strong></span> <span class='ocrx_word' id='word_1_455' title='bbox 621 4353 663 4404; x_wconf 84' lang='lat' dir='ltr'><strong>dci</strong></span> <span class='ocrx_word' id='word_1_456' title='bbox 682 4353 728 4415; x_wconf 78' lang='lat' dir='ltr'><strong>tofi</strong></span> <span class='ocrx_word' id='word_1_457' title='bbox 745 4369 787 4404; x_wconf 82' lang='lat' dir='ltr'><strong>ro·</strong></span> <span class='ocrx_word' id='word_1_458' title='bbox 839 4353 912 4405; x_wconf 80' lang='lat' dir='ltr'><strong>riona</strong></span> <span class='ocrx_word' id='word_1_459' title='bbox 939 4353 984 4404; x_wconf 83' lang='lat' dir='ltr'><strong>del</strong></span> <span class='ocrx_word' id='word_1_460' title='bbox 1009 4352 1064 4404; x_wconf 81' lang='lat' dir='ltr'><strong>dito</strong></span> <span class='ocrx_word' id='word_1_461' title='bbox 1091 4351 1164 4404; x_wconf 78' lang='lat' dir='ltr'><strong>ralla</strong></span> <span class='ocrx_word' id='word_1_462' title='bbox 1184 4361 1267 4419; x_wconf 82' lang='lat' dir='ltr'><strong>porto</strong></span> <span class='ocrx_word' id='word_1_463' title='bbox 1295 4348 1382 4402; x_wconf 84' lang='lat' dir='ltr'><strong>molle.</strong></span> <span class='ocrx_word' id='word_1_464' title='bbox 1423 4345 1485 4398; x_wconf 80' lang='lat' dir='ltr'><strong>Non</strong></span> 
     </span>
     <span class='ocr_line' id='line_1_42' title="bbox 139 4434 1485 4508; baseline -0.005 -16"><span class='ocrx_word' id='word_1_465' title='bbox 139 4441 222 4492; x_wconf 79' lang='lat' dir='ltr'><strong>maai.</strong></span> <span class='ocrx_word' id='word_1_466' title='bbox 258 4439 296 4490; x_wconf 80' lang='lat' dir='ltr'><strong>Le</strong></span> <span class='ocrx_word' id='word_1_467' title='bbox 315 4441 404 4508; x_wconf 77' lang='lat' dir='ltr'><strong>forma</strong></span> <span class='ocrx_word' id='word_1_468' title='bbox 431 4457 464 4492; x_wconf 82' lang='lat' dir='ltr'><strong>na</strong></span> <span class='ocrx_word' id='word_1_469' title='bbox 490 4457 554 4492; x_wconf 79' lang='lat' dir='ltr'><strong>runo</strong></span> <span class='ocrx_word' id='word_1_470' title='bbox 578 4451 645 4492; x_wconf 80' lang='lat' dir='ltr'><strong>atate</strong></span> <span class='ocrx_word' id='word_1_471' title='bbox 667 4441 788 4508; x_wconf 72' lang='lat' dir='ltr'><strong>stypiota</strong></span> <span class='ocrx_word' id='word_1_472' title='bbox 840 4439 921 4490; x_wconf 83' lang='lat' dir='ltr'><strong>molto</strong></span> <span class='ocrx_word' id='word_1_473' title='bbox 940 4440 1084 4506; x_wconf 78' lang='lat' dir='ltr'><strong>dr&#39;ffercrrac</strong></span> <span class='ocrx_word' id='word_1_474' title='bbox 1104 4455 1178 4492; x_wconf 82' lang='lat' dir='ltr'><strong>corre</strong></span> <span class='ocrx_word' id='word_1_475' title='bbox 1197 4449 1240 4491; x_wconf 83' lang='lat' dir='ltr'><strong>tra</strong></span> <span class='ocrx_word' id='word_1_476' title='bbox 1259 4439 1334 4490; x_wconf 79' lang='lat' dir='ltr'><strong>Parte</strong></span> <span class='ocrx_word' id='word_1_477' title='bbox 1353 4435 1397 4487; x_wconf 73' lang='lat' dir='ltr'><strong>det</strong></span> <span class='ocrx_word' id='word_1_478' title='bbox 1415 4434 1485 4486; x_wconf 83' lang='lat' dir='ltr'><strong>uarii</strong></span> 
     </span>
     <span class='ocr_line' id='line_1_43' title="bbox 141 4523 1483 4594; baseline -0.007 -14"><span class='ocrx_word' id='word_1_479' title='bbox 141 4545 223 4580; x_wconf 74' lang='lat' dir='ltr'><strong>senaa</strong></span> <span class='ocrx_word' id='word_1_480' title='bbox 243 4526 334 4594; x_wconf 83' lang='lat' dir='ltr'><strong>l&#39;ojaro</strong></span> <span class='ocrx_word' id='word_1_481' title='bbox 353 4528 397 4580; x_wconf 83' lang='lat' dir='ltr'><strong>del</strong></span> <span class='ocrx_word' id='word_1_482' title='bbox 416 4539 490 4580; x_wconf 81' lang='lat' dir='ltr'><strong>toruo</strong></span> <span class='ocrx_word' id='word_1_483' title='bbox 509 4546 557 4580; x_wconf 85' lang='lat' dir='ltr'><strong>coa</strong></span> <span class='ocrx_word' id='word_1_484' title='bbox 576 4545 630 4578; x_wconf 80' lang='lat' dir='ltr'><strong>aaa</strong></span> <span class='ocrx_word' id='word_1_485' title='bbox 641 4527 726 4594; x_wconf 80' lang='lat' dir='ltr'><strong>paida</strong></span> <span class='ocrx_word' id='word_1_486' title='bbox 738 4529 788 4578; x_wconf 81' lang='lat' dir='ltr'><strong>cir·</strong></span> <span class='ocrx_word' id='word_1_487' title='bbox 832 4528 1004 4594; x_wconf 77' lang='lat' dir='ltr'><strong>frammenti,·</strong></span> <span class='ocrx_word' id='word_1_488' title='bbox 1020 4545 1063 4578; x_wconf 83' lang='lat' dir='ltr'><strong>ura</strong></span> <span class='ocrx_word' id='word_1_489' title='bbox 1081 4537 1252 4594; x_wconf 78' lang='lat' dir='ltr'><strong>quantunque</strong></span> <span class='ocrx_word' id='word_1_490' title='bbox 1264 4527 1341 4578; x_wconf 80' lang='lat' dir='ltr'><strong>aiano</strong></span> <span class='ocrx_word' id='word_1_491' title='bbox 1361 4523 1421 4574; x_wconf 76' lang='lat' dir='ltr'><strong>ratri</strong></span> <span class='ocrx_word' id='word_1_492' title='bbox 1439 4539 1483 4571; x_wconf 84' lang='lat' dir='ltr'><strong>ar·</strong></span> 
     </span>
     <span class='ocr_line' id='line_1_44' title="bbox 139 4611 1484 4684; baseline -0.006 -18"><span class='ocrx_word' id='word_1_493' title='bbox 139 4615 229 4666; x_wconf 86' lang='lat' dir='ltr'><strong>colore</strong></span> <span class='ocrx_word' id='word_1_494' title='bbox 248 4614 277 4665; x_wconf 74' lang='lat' dir='ltr'><strong>di</strong></span> <span class='ocrx_word' id='word_1_495' title='bbox 296 4615 371 4684; x_wconf 76' lang='lat' dir='ltr'><strong>laquo</strong></span> <span class='ocrx_word' id='word_1_496' title='bbox 390 4617 435 4667; x_wconf 83' lang='lat' dir='ltr'><strong>alre</strong></span> <span class='ocrx_word' id='word_1_497' title='bbox 452 4615 487 4667; x_wconf 86' lang='lat' dir='ltr'><strong>hu</strong></span> <span class='ocrx_word' id='word_1_498' title='bbox 502 4615 612 4666; x_wconf 81' lang='lat' dir='ltr'><strong>lasciuia</strong></span> <span class='ocrx_word' id='word_1_499' title='bbox 637 4615 788 4684; x_wconf 83' lang='lat' dir='ltr'><strong>l&#39;impronto</strong></span> <span class='ocrx_word' id='word_1_500' title='bbox 840 4616 914 4678; x_wconf 81' lang='lat' dir='ltr'><strong>cairi,</strong></span> <span class='ocrx_word' id='word_1_501' title='bbox 930 4631 999 4680; x_wconf 76' lang='lat' dir='ltr'><strong>parre</strong></span> <span class='ocrx_word' id='word_1_502' title='bbox 1017 4632 1071 4666; x_wconf 82' lang='lat' dir='ltr'><strong>nou</strong></span> <span class='ocrx_word' id='word_1_503' title='bbox 1090 4615 1112 4664; x_wconf 83' lang='lat' dir='ltr'><strong>li</strong></span> <span class='ocrx_word' id='word_1_504' title='bbox 1129 4615 1203 4666; x_wconf 75' lang='lat' dir='ltr'><strong>stim</strong></span> <span class='ocrx_word' id='word_1_505' title='bbox 1223 4613 1283 4664; x_wconf 81' lang='lat' dir='ltr'><strong>tutti</strong></span> <span class='ocrx_word' id='word_1_506' title='bbox 1301 4611 1330 4662; x_wconf 82' lang='lat' dir='ltr'><strong>di</strong></span> <span class='ocrx_word' id='word_1_507' title='bbox 1342 4629 1378 4662; x_wconf 81' lang='lat' dir='ltr'><strong>an</strong></span> <span class='ocrx_word' id='word_1_508' title='bbox 1392 4621 1484 4677; x_wconf 83' lang='lat' dir='ltr'><strong>tempo.</strong></span> 
     </span>
     <span class='ocr_line' id='line_1_45' title="bbox 140 4687 1484 4770; baseline -0.004 -17"><span class='ocrx_word' id='word_1_509' title='bbox 140 4703 262 4753; x_wconf 75' lang='lat' dir='ltr'><strong>martimo</strong></span> <span class='ocrx_word' id='word_1_510' title='bbox 280 4702 343 4754; x_wconf 73' lang='lat' dir='ltr'><strong>nell*</strong></span> <span class='ocrx_word' id='word_1_511' title='bbox 362 4705 465 4755; x_wconf 64' lang='lat' dir='ltr'><strong>tarano</strong></span> <span class='ocrx_word' id='word_1_512' title='bbox 484 4705 525 4756; x_wconf 63' lang='grc' dir='ltr'><strong>ἅθ’</strong></span> <span class='ocrx_word' id='word_1_513' title='bbox 543 4705 608 4756; x_wconf 82' lang='lat' dir='ltr'><strong>ocri.</strong></span> <span class='ocrx_word' id='word_1_514' title='bbox 651 4687 653 4692; x_wconf 13' lang='grc' dir='ltr'><em>ἵ</em></span> <span class='ocrx_word' id='word_1_515' title='bbox 838 4703 939 4754; x_wconf 83' lang='lat' dir='ltr'><strong>Hanno</strong></span> <span class='ocrx_word' id='word_1_516' title='bbox 957 4720 1053 4753; x_wconf 80' lang='lat' dir='ltr'><strong>smnmo</strong></span> <span class='ocrx_word' id='word_1_517' title='bbox 1071 4701 1196 4770; x_wconf 78' lang='lat' dir='ltr'><strong>ouolopr&#39;a</strong></span> <span class='ocrx_word' id='word_1_518' title='bbox 1220 4701 1260 4752; x_wconf 84' lang='lat' dir='ltr'><strong>coi</strong></span> <span class='ocrx_word' id='word_1_519' title='bbox 1279 4701 1336 4752; x_wconf 79' lang='lat' dir='ltr'><strong>cori</strong></span> <span class='ocrx_word' id='word_1_520' title='bbox 1353 4697 1427 4750; x_wconf 82' lang='lat' dir='ltr'><strong>della</strong></span> <span class='ocrx_word' id='word_1_521' title='bbox 1437 4697 1484 4765; x_wconf 84' lang='lat' dir='ltr'><strong>so·</strong></span> 
     </span>
    </p>

    <p class='ocr_par' dir='ltr' id='par_1_8' title="bbox 138 4785 1486 5034">
     <span class='ocr_line' id='line_1_46' title="bbox 211 4785 1484 4859; baseline -0.005 -19"><span class='ocrx_word' id='word_1_522' title='bbox 211 4789 294 4841; x_wconf 80' lang='lat' dir='ltr'><strong>Pocha&#39;</strong></span> <span class='ocrx_word' id='word_1_523' title='bbox 316 4793 404 4842; x_wconf 77' lang='lat' dir='ltr'><strong>emoti</strong></span> <span class='ocrx_word' id='word_1_524' title='bbox 426 4793 558 4859; x_wconf 81' lang='lat' dir='ltr'><strong>uppuiorro</strong></span> <span class='ocrx_word' id='word_1_525' title='bbox 585 4793 630 4843; x_wconf 72' lang='grc' dir='ltr'><strong>ποί</strong></span> <span class='ocrx_word' id='word_1_526' title='bbox 656 4793 789 4843; x_wconf 80' lang='lat' dir='ltr'><strong>riuoeuula&#39;</strong></span> <span class='ocrx_word' id='word_1_527' title='bbox 838 4790 1050 4859; x_wconf 77' lang='lat' dir='ltr'><strong>miplr&#39;ulozr&#39;ole,</strong></span> <span class='ocrx_word' id='word_1_528' title='bbox 1070 4808 1113 4840; x_wconf 86' lang='lat' dir='ltr'><strong>mo</strong></span> <span class='ocrx_word' id='word_1_529' title='bbox 1125 4805 1158 4840; x_wconf 79' lang='lat' dir='ltr'><strong>aa</strong></span> <span class='ocrx_word' id='word_1_530' title='bbox 1176 4789 1342 4855; x_wconf 77' lang='lat' dir='ltr'><strong>differiscorro</strong></span> <span class='ocrx_word' id='word_1_531' title='bbox 1361 4785 1422 4836; x_wconf 67' lang='lat' dir='ltr'><strong>nell</strong></span> <span class='ocrx_word' id='word_1_532' title='bbox 1442 4803 1484 4834; x_wconf 88' lang='lat' dir='ltr'><strong>or·</strong></span> 
     </span>
     <span class='ocr_line' id='line_1_47' title="bbox 140 4871 1486 4946; baseline -0.004 -19"><span class='ocrx_word' id='word_1_533' title='bbox 140 4877 304 4938; x_wconf 70' lang='lat' dir='ltr'><strong>frammenti,</strong></span> <span class='ocrx_word' id='word_1_534' title='bbox 331 4895 374 4928; x_wconf 86' lang='lat' dir='ltr'><strong>ma</strong></span> <span class='ocrx_word' id='word_1_535' title='bbox 403 4881 464 4944; x_wconf 79' lang='lat' dir='ltr'><strong>quei</strong></span> <span class='ocrx_word' id='word_1_536' title='bbox 486 4879 567 4944; x_wconf 81' lang='lat' dir='ltr'><strong>pochi</strong></span> <span class='ocrx_word' id='word_1_537' title='bbox 590 4897 652 4930; x_wconf 82' lang='lat' dir='ltr'><strong>anco</strong></span> <span class='ocrx_word' id='word_1_538' title='bbox 671 4880 716 4929; x_wconf 79' lang='lat' dir='ltr'><strong>del</strong></span> <span class='ocrx_word' id='word_1_539' title='bbox 734 4880 788 4944; x_wconf 80' lang='lat' dir='ltr'><strong>tipo</strong></span> <span class='ocrx_word' id='word_1_540' title='bbox 837 4877 907 4946; x_wconf 75' lang='lat' dir='ltr'><strong>pilio</strong></span> <span class='ocrx_word' id='word_1_541' title='bbox 934 4895 947 4929; x_wconf 90' lang='lat' dir='ltr'><strong>e</strong></span> <span class='ocrx_word' id='word_1_542' title='bbox 976 4877 1046 4932; x_wconf 83' lang='lat' dir='ltr'><strong>nelle</strong></span> <span class='ocrx_word' id='word_1_543' title='bbox 1069 4877 1238 4946; x_wconf 75' lang='lat' dir='ltr'><strong>impressioni</strong></span> <span class='ocrx_word' id='word_1_544' title='bbox 1261 4875 1306 4928; x_wconf 83' lang='lat' dir='ltr'><strong>del</strong></span> <span class='ocrx_word' id='word_1_545' title='bbox 1330 4873 1430 4925; x_wconf 80' lang='lat' dir='ltr'><strong>cerchia</strong></span> <span class='ocrx_word' id='word_1_546' title='bbox 1456 4871 1486 4924; x_wconf 79' lang='lat' dir='ltr'><strong>dt</strong></span> 
     </span>
     <span class='ocr_line' id='line_1_48' title="bbox 138 4963 934 5034; baseline 0.003 -20"><span class='ocrx_word' id='word_1_547' title='bbox 138 4965 283 5031; x_wconf 76' lang='lat' dir='ltr'><strong>primitivo,</strong></span> <span class='ocrx_word' id='word_1_548' title='bbox 302 4965 356 5019; x_wconf 74' lang='lat' dir='ltr'><strong>aiod</strong></span> <span class='ocrx_word' id='word_1_549' title='bbox 367 4967 437 5034; x_wconf 81' lang='lat' dir='ltr'><strong>sutri</strong></span> <span class='ocrx_word' id='word_1_550' title='bbox 453 4977 615 5019; x_wconf 78' lang='lat' dir='ltr'><strong>roaaumente</strong></span> <span class='ocrx_word' id='word_1_551' title='bbox 628 4965 699 5018; x_wconf 83' lang='lat' dir='ltr'><strong>rolla</strong></span> <span class='ocrx_word' id='word_1_552' title='bbox 714 4981 787 5032; x_wconf 81' lang='lat' dir='ltr'><strong>prer-</strong></span> <span class='ocrx_word' id='word_1_553' title='bbox 840 4963 934 5033; x_wconf 58' lang='lat' dir='ltr'><strong>laquo?</strong></span> 
     </span>
    </p>
   </div>
   <div class='ocr_carea' id='block_1_6' title="bbox 0 0 1792 5592">
    <p class='ocr_par' dir='ltr' id='par_1_9' title="bbox 0 0 1792 5592">
     <span class='ocr_line' id='line_1_49' title="bbox 0 0 1792 5592; baseline 0 3"><span class='ocrx_word' id='word_1_554' title='bbox 0 0 1792 5592; x_wconf 95' lang='lat' dir='ltr'><strong> </strong></span> 
     </span>
    </p>
   </div>
  </div>
 </body>
</html>
