3644 5592
358 515 382 569 3.
419 512 492 569 ratio
513 516 638 568 votorum
658 528 817 568 annuorum.

361 638 363 642 -
437 601 479 654 De
489 600 626 655 relatione
636 599 760 668 magistri
772 599 806 653 de
817 600 891 654 votis
902 600 1001 654 annuis
1012 598 1155 654 solvendis
1169 605 1196 654 et
1215 616 1280 656 con·

434 687 581 758 cipiendis,
592 703 663 758 quse
673 687 843 758 amplissime
854 693 1017 742 enarrantur
1026 687 1053 741 in
1065 689 1136 742 actis
1148 686 1182 742 ari
1194 688 1280 760 impe-

434 777 502 830 rinm
523 775 671 829 Domitiani
691 774 906 844 pertinentibus.

435 865 477 918 lle
488 863 664 917 caerimoniis
676 861 825 917 celebratis
838 863 993 934 exponitur.
1001 893 1030 902 -
1041 863 1083 917 De
1093 866 1153 917 ture
1165 868 1192 916 et
1203 865 1282 929 vino;

437 982 466 990 —
479 951 573 1006 ioculo
584 956 611 1005 et
622 967 683 1014 ura;
704 983 709 988 -
732 949 766 1004 de
777 949 943 1005 immolando
955 951 1028 1016 vino,
1039 951 1113 1006 mola
1123 951 1277 1023 cultroque.

435 1040 542 1109 Quibus
561 1040 719 1094 numinibus
739 1043 805 1092 rota
822 1041 962 1110 concepta
980 1041 1044 1094 siut.

433 1129 507 1183 llxta
525 1127 665 1182 culicocta
683 1125 799 1180 reddite.

435 1217 477 1271 De
497 1216 569 1270 actis
583 1219 609 1269 et
619 1219 682 1268 ants
693 1213 881 1269 Domitianum
895 1220 921 1268 et
935 1218 1001 1286 post
1013 1201 1198 1270 enm'brevins
1213 1229 1279 1268 con-

434 1305 535 1376 ceptis.
1002 1321 1005 1328 ⁴

391 1419 395 1428 ·
432 1393 475 1447 De
494 1390 654 1464 praeeundo
673 1391 802 1446 carmina.

435 1479 490 1535 Gur
508 1478 645 1534 interdum
665 1478 710 1531 die
729 1483 855 1532 solorum
874 1477 1044 1533 immolatum
1063 1493 1118 1534 non
1138 1479 1184 1533 sit.

433 1565 511 1622 Deae
524 1569 594 1621 Diae
614 1573 680 1622 vota
699 1567 726 1620 in
745 1566 809 1620 luco
828 1565 971 1620 solvuntur
990 1565 1035 1620 die
1054 1565 1119 1621 alio.

432 1655 520 1710 Index
533 1657 737 1727 imperatorum.
759 1669 873 1724 qnorum
895 1651 930 1708 de
944 1653 1035 1708 salute
1048 1657 1114 1710 vota
1127 1667 1218 1706 anana
1231 1668 1279 1706 no-

433 1743 476 1798 bis
495 1748 606 1799 servata
623 1748 696 1798 sunt.

355 1831 380 1885 4.
417 1829 556 1886 Votorum
575 1846 726 1886 annueram
745 1844 865 1884 carmen.

434 1917 551 1974 Oarmen
560 1918 644 1990 plene
654 1917 770 1974 refertur
782 1916 810 1972 in
821 1918 894 1972 actis
904 1915 1115 1987 antiquissimis,
1128 1945 1158 1956 -
1170 1915 1279 1971 brevia-

434 2011 490 2060 tnm
502 2006 553 2060 snb
567 2005 680 2061 Nerone
695 2011 725 2060 et
737 2003 918 2074 Vespasiano
929 2019 962 2058 ac
978 2019 1028 2074 par
1041 2004 1235 2076 exceptionem
1250 2005 1277 2058 in

436 2094 509 2148 actis
519 2095 585 2150 anni
594 2095 692 2148 incerti
703 2093 820 2158 Tiberii,
832 2121 863 2132 -—
876 2091 1010 2160 integrum
1021 2091 1076 2160 legi
1087 2091 1197 2146 selebin
1208 2093 1280 2146 actis

436 2180 495 2235 Titi
508 2185 538 2234 et
549 2181 710 2246 Domitiani,
723 2211 755 2221 -
771 2179 907 2234 omittitur
916 2177 967 2232 sub
982 2177 1113 2244 Traiano,
1125 2177 1280 2246 Hadriane,

431 2269 575 2323 Antonine
595 2270 657 2334 Pio,
682 2298 714 2308 -
742 2267 815 2322 redit
836 2267 1007 2320 immutatum
1032 2265 1084 2319 sub
1108 2265 1216 2332 Marco,
1245 2297 1276 2308 ·-

434 2356 571 2410 omittitur
589 2357 640 2410 sub
660 2355 814 2410 Commodo
833 2359 863 2409 et
881 2352 1052 2408 Alexandro.
1144 2406 1154 2424 ,

437 2444 544 2498 Donum
563 2443 625 2497 lovi
644 2442 680 2496 ob
699 2448 763 2497 vota
781 2457 872 2496 annua
891 2439 1020 2496 dicatum.

433 2531 474 2584 De
494 2530 548 2585 diis
568 2530 671 2600 quibus
690 2535 756 2585 vota
774 2545 864 2584 annua
882 2532 1020 2598 concepta
1039 2529 1110 2595 sint,
1137 2529 1171 2583 dc
1197 2532 1276 2585 vicli·

435 2633 593 2687 murumque
613 2632 734 2671 numero.
830 2599 859 2637 '¹

354 2709 379 2762 5.
417 2708 591 2776 praesentes.

356 2829 380 2884 6.
419 2829 485 2882 reta
502 2841 553 2898 pro
573 2825 664 2881 salute
682 2825 747 2880 nori
766 2825 901 2896 principis
921 2827 1068 2896 suscepta:

501 2931 552 2988 pro
572 2914 662 2969 seinte
682 2912 811 2968 Othonis.

609 3032 618 3042 ·
680 3000 838 3058 Domitiani.

610 3121 620 3131 -
680 3087 849 3145 Pertinacis.

609 3208 618 3219 -
678 3174 833 3246 lllagabali.

608 3295 618 3308 ·
678 3263 823 3321 Gordiani.

351 3351 393 3408 De
413 3352 569 3408 numinibus
588 3353 689 3423 quibus
709 3349 948 3422 concipiebantur.

351 3443 394 3497 De
413 3441 487 3496 votis
506 3440 718 3496 decennalibus.

351 3529 394 3584 De
412 3529 660 3584 acclamationibus
679 3526 715 3582 ad
733 3530 801 3581 vota
818 3525 949 3583 adiectis.

250 3671 293 3737 11.
337 3669 452 3738 VOTA
473 3669 626 3740 ANNUA
641 3665 907 3734 SINGULARIA
929 3667 1011 3735 PRO
1028 3665 1197 3735 SALUTE
1212 3665 1272 3732 Ill-

339 3771 576 3840 PERATORIS
598 3769 814 3838 SUSCEPTA
816 3815 1275 3841 ..............

342 3877 420 3932 Vola
437 3893 529 3932 annua
547 3892 598 3948 pro
617 3876 707 3930 salute
727 3877 879 3933 Domitiani
898 3879 1039 3947 suscepta.

385 3968 409 4022 1.
446 3980 533 4020 annus
553 3969 583 4018 et
601 3963 671 4020 dies.

383 4055 408 4109 2.
445 4054 533 4110 locas.

383 4143 407 4197 3.
444 4143 515 4197 ratio
534 4147 668 4198 votorum.

462 4231 541 4286 Vota
559 4231 679 4287 fortasse
699 4247 771 4286 anno
789 4233 823 4290 86
842 4229 970 4286 instituta
989 4232 1062 4282 sunt.

384 4317 409 4372 4.
447 4334 558 4374 carmen
576 4323 709 4375 votorum.

459 4407 623 4462 Aeternitas
642 4405 759 4477 imperii.

382 4494 408 4549 5.
444 4499 618 4564 praesentes.

298 4603 315 4620 “
346 4613 423 4669 Vota
441 4629 492 4685 pro
512 4614 601 4670 aalma
621 4611 775 4671 Oommodi.

382 4703 406 4756 1.
444 4715 533 4757 annus
551 4707 579 4756 et
597 4701 668 4759 dies.

382 4789 406 4843 2.
445 4787 533 4845 locus.

381 4877 407 4931 3.
443 4875 516 4930 ratio
534 4879 668 4931 votorum.

306 5011 312 5019 .
380 4963 406 5018 4.
443 4967 615 5034 praesentes.

1406 3777 1545 3835 109-113
