<?xml version="1.0" encoding="UTF-8"?>
<!DOCTYPE html PUBLIC "-//W3C//DTD XHTML 1.0 Transitional//EN"
    "http://www.w3.org/TR/xhtml1/DTD/xhtml1-transitional.dtd">
<html xmlns="http://www.w3.org/1999/xhtml" xml:lang="en" lang="en">
 <head>
  <title>
</title>
<meta http-equiv="Content-Type" content="text/html;charset=utf-8" />
  <meta name='ocr-system' content='tesseract 3.04.00' />
  <meta name='ocr-capabilities' content='ocr_page ocr_carea ocr_par ocr_line ocrx_word'/>
</head>
<body>
  <div class='ocr_page' id='page_1' title='image "./actafratrumarva01henzgoog_0015.png"; bbox 0 0 3644 5592; ppageno 0'>
   <div class='ocr_carea' id='block_1_1' title="bbox 430 487 1375 1086">
    <p class='ocr_par' dir='ltr' id='par_1_1' title="bbox 430 487 1375 1086">
     <span class='ocr_line' id='line_1_1' title="bbox 507 487 1373 544; baseline 0 -2"><span class='ocrx_word' id='word_1_1' title='bbox 507 503 531 542; x_wconf 92' lang='lat' dir='ltr'><strong>c.</strong></span> <span class='ocrx_word' id='word_1_2' title='bbox 560 487 696 544; x_wconf 73' lang='lat' dir='ltr'><strong>Sacrificii</strong></span> <span class='ocrx_word' id='word_1_3' title='bbox 716 487 777 544; x_wconf 88' lang='lat' dir='ltr'><strong>dies</strong></span> <span class='ocrx_word' id='word_1_4' title='bbox 800 490 907 544; x_wconf 85' lang='lat' dir='ltr'><strong>tertius.</strong></span> <span class='ocrx_word' id='word_1_5' title='bbox 944 529 948 539; x_wconf 94' lang='lat'><strong>.</strong></span> <span class='ocrx_word' id='word_1_6' title='bbox 977 531 982 542; x_wconf 94' lang='lat'><strong>.</strong></span> <span class='ocrx_word' id='word_1_7' title='bbox 1012 531 1017 544; x_wconf 91' lang='lat'><strong>.</strong></span> <span class='ocrx_word' id='word_1_8' title='bbox 1046 531 1052 544; x_wconf 91' lang='lat'><strong>.</strong></span> <span class='ocrx_word' id='word_1_9' title='bbox 1082 527 1088 540; x_wconf 84' lang='lat'><strong>.</strong></span> <span class='ocrx_word' id='word_1_10' title='bbox 1119 529 1124 540; x_wconf 90' lang='lat'><strong>.</strong></span> <span class='ocrx_word' id='word_1_11' title='bbox 1152 531 1158 544; x_wconf 92' lang='lat'><strong>.</strong></span> <span class='ocrx_word' id='word_1_12' title='bbox 1187 531 1193 543; x_wconf 94' lang='lat'><strong>.</strong></span> <span class='ocrx_word' id='word_1_13' title='bbox 1222 531 1228 544; x_wconf 93' lang='lat'><strong>.</strong></span> <span class='ocrx_word' id='word_1_14' title='bbox 1258 531 1263 542; x_wconf 93' lang='lat'><strong>.</strong></span> <span class='ocrx_word' id='word_1_15' title='bbox 1293 531 1299 542; x_wconf 97' lang='lat'><strong>.</strong></span> <span class='ocrx_word' id='word_1_16' title='bbox 1328 531 1334 542; x_wconf 94' lang='lat'><strong>.</strong></span> <span class='ocrx_word' id='word_1_17' title='bbox 1368 534 1373 543; x_wconf 95' lang='lat'><strong>.</strong></span> 
     </span>
     <span class='ocr_line' id='line_1_2' title="bbox 559 576 842 632; baseline 0.007 -2"><span class='ocrx_word' id='word_1_18' title='bbox 559 579 583 632; x_wconf 88' lang='lat'><strong>1.</strong></span> <span class='ocrx_word' id='word_1_19' title='bbox 620 591 708 630; x_wconf 81' lang='lat' dir='ltr'><strong>eunus</strong></span> <span class='ocrx_word' id='word_1_20' title='bbox 727 582 754 630; x_wconf 93' lang='lat' dir='ltr'><strong>et</strong></span> <span class='ocrx_word' id='word_1_21' title='bbox 772 576 842 632; x_wconf 88' lang='lat' dir='ltr'><strong>dies.</strong></span> 
     </span>
     <span class='ocr_line' id='line_1_3' title="bbox 558 663 707 720; baseline 0 -2"><span class='ocrx_word' id='word_1_22' title='bbox 558 665 584 720; x_wconf 82' lang='lat'><strong>2.</strong></span> <span class='ocrx_word' id='word_1_23' title='bbox 619 663 707 718; x_wconf 91' lang='lat' dir='ltr'><strong>locus.</strong></span> 
     </span>
     <span class='ocr_line' id='line_1_4' title="bbox 430 747 794 809; baseline 0.008 -4"><span class='ocrx_word' id='word_1_24' title='bbox 430 747 435 760; x_wconf 67' lang='lat'>⁸</span> <span class='ocrx_word' id='word_1_25' title='bbox 559 753 584 806; x_wconf 91' lang='lat'><strong>3.</strong></span> <span class='ocrx_word' id='word_1_26' title='bbox 621 753 693 806; x_wconf 83' lang='lat' dir='ltr'><strong>ret&#39;e</strong></span> <span class='ocrx_word' id='word_1_27' title='bbox 712 754 794 809; x_wconf 84' lang='lat' dir='ltr'><strong>sueri.</strong></span> 
     </span>
     <span class='ocr_line' id='line_1_5' title="bbox 620 838 1375 913; baseline 0.008 -21"><span class='ocrx_word' id='word_1_28' title='bbox 620 839 663 893; x_wconf 92' lang='lat' dir='ltr'><strong>De</strong></span> <span class='ocrx_word' id='word_1_29' title='bbox 673 840 728 894; x_wconf 86' lang='lat' dir='ltr'><strong>ritu</strong></span> <span class='ocrx_word' id='word_1_30' title='bbox 738 839 845 894; x_wconf 78' lang='lat' dir='ltr'><strong>libandi</strong></span> <span class='ocrx_word' id='word_1_31' title='bbox 855 838 958 908; x_wconf 82' lang='lat' dir='ltr'><strong>lrnges.</strong></span> <span class='ocrx_word' id='word_1_32' title='bbox 972 869 1002 879; x_wconf 90' lang='lat'>—</span> <span class='ocrx_word' id='word_1_33' title='bbox 1014 841 1056 896; x_wconf 93' lang='lat' dir='ltr'><strong>De</strong></span> <span class='ocrx_word' id='word_1_34' title='bbox 1067 840 1242 913; x_wconf 72' lang='lat' dir='ltr'><strong>lampadibus</strong></span> <span class='ocrx_word' id='word_1_35' title='bbox 1252 846 1375 898; x_wconf 78' lang='lat' dir='ltr'>incensis</span> 
     </span>
     <span class='ocr_line' id='line_1_6' title="bbox 620 927 997 998; baseline -0.005 -16"><span class='ocrx_word' id='word_1_36' title='bbox 620 927 815 998; x_wconf 76' lang='lat' dir='ltr'><strong>contectisque</strong></span> <span class='ocrx_word' id='word_1_37' title='bbox 834 927 997 982; x_wconf 75' lang='lat' dir='ltr'><strong>tuscanicis.</strong></span> 
     </span>
     <span class='ocr_line' id='line_1_7' title="bbox 559 1016 793 1086; baseline -0.017 -14"><span class='ocrx_word' id='word_1_38' title='bbox 559 1016 584 1072; x_wconf 59' lang='lat' dir='ltr'><strong>b</strong></span> <span class='ocrx_word' id='word_1_39' title='bbox 620 1017 793 1086; x_wconf 77' lang='lat' dir='ltr'>praesentes.</span> 
     </span>
    </p>
   </div>
   <div class='ocr_carea' id='block_1_2' title="bbox 508 1173 1448 1346">
    <p class='ocr_par' dir='ltr' id='par_1_2' title="bbox 508 1173 1448 1352">
     <span class='ocr_line' id='line_1_8' title="bbox 508 1173 1448 1262; baseline 0.009 -22"><span class='ocrx_word' id='word_1_40' title='bbox 508 1187 534 1242; x_wconf 87' lang='lat' dir='ltr'><strong>d.</strong></span> <span class='ocrx_word' id='word_1_41' title='bbox 561 1188 604 1241; x_wconf 91' lang='lat' dir='ltr'><strong>De</strong></span> <span class='ocrx_word' id='word_1_42' title='bbox 618 1187 753 1259; x_wconf 87' lang='lat' dir='ltr'><strong>sportulis</strong></span> <span class='ocrx_word' id='word_1_43' title='bbox 764 1186 865 1242; x_wconf 86' lang='lat' dir='ltr'><strong>diebus</strong></span> <span class='ocrx_word' id='word_1_44' title='bbox 876 1188 994 1257; x_wconf 72' lang='lat' dir='ltr'><strong>singulis</strong></span> <span class='ocrx_word' id='word_1_45' title='bbox 1008 1187 1166 1244; x_wconf 78' lang='lat' dir='ltr'><strong>distributis</strong></span> <span class='ocrx_word' id='word_1_46' title='bbox 1179 1189 1271 1262; x_wconf 87' lang='lat' dir='ltr'>deque</span> <span class='ocrx_word' id='word_1_47' title='bbox 1284 1195 1375 1248; x_wconf 87' lang='lat' dir='ltr'><strong>scelu-</strong></span> <span class='ocrx_word' id='word_1_48' title='bbox 1435 1173 1448 1182; x_wconf 45' lang='lat'><strong>&#39;⁸</strong></span> 
     </span>
     <span class='ocr_line' id='line_1_9' title="bbox 561 1274 1374 1346; baseline 0.01 -18"><span class='ocrx_word' id='word_1_49' title='bbox 561 1274 730 1330; x_wconf 76' lang='lat' dir='ltr'><strong>mationibus</strong></span> <span class='ocrx_word' id='word_1_50' title='bbox 749 1277 778 1330; x_wconf 91' lang='lat' dir='ltr'><strong>in</strong></span> <span class='ocrx_word' id='word_1_51' title='bbox 796 1274 849 1329; x_wconf 88' lang='lat' dir='ltr'><strong>line</strong></span> <span class='ocrx_word' id='word_1_52' title='bbox 868 1276 1009 1346; x_wconf 88' lang='lat' dir='ltr'><strong>epulorum</strong></span> <span class='ocrx_word' id='word_1_53' title='bbox 1032 1278 1154 1332; x_wconf 86' lang='lat' dir='ltr'><strong>nsitstis.</strong></span> <span class='ocrx_word' id='word_1_54' title='bbox 1260 1319 1265 1330; x_wconf 92' lang='lat'><strong>.</strong></span> <span class='ocrx_word' id='word_1_55' title='bbox 1295 1320 1300 1330; x_wconf 83' lang='lat'><strong>.</strong></span> <span class='ocrx_word' id='word_1_56' title='bbox 1330 1319 1335 1330; x_wconf 86' lang='lat'><strong>.</strong></span> <span class='ocrx_word' id='word_1_57' title='bbox 1368 1321 1374 1336; x_wconf 91' lang='lat'><strong>.</strong></span> 
     </span>
    </p>
   </div>
   <div class='ocr_carea' id='block_1_3' title="bbox 509 1433 1376 1605">
    <p class='ocr_par' dir='ltr' id='par_1_3' title="bbox 509 1433 1376 1605">
     <span class='ocr_line' id='line_1_10' title="bbox 509 1433 1376 1521; baseline 0.006 -19"><span class='ocrx_word' id='word_1_58' title='bbox 509 1465 532 1503; x_wconf 92' lang='lat' dir='ltr'><strong>e.</strong></span> <span class='ocrx_word' id='word_1_59' title='bbox 562 1447 676 1503; x_wconf 77' lang='lat' dir='ltr'><strong>Sacrum</strong></span> <span class='ocrx_word' id='word_1_60' title='bbox 701 1447 845 1502; x_wconf 80' lang='lat' dir='ltr'><strong>Arvalium</strong></span> <span class='ocrx_word' id='word_1_61' title='bbox 870 1464 933 1503; x_wconf 89' lang='lat' dir='ltr'><strong>uum</strong></span> <span class='ocrx_word' id='word_1_62' title='bbox 957 1466 1008 1521; x_wconf 89' lang='lat' dir='ltr'><strong>pro</strong></span> <span class='ocrx_word' id='word_1_63' title='bbox 1030 1433 1310 1507; x_wconf 72' lang='lat' dir='ltr'><strong>eodem&#39;tsbendum</strong></span> <span class='ocrx_word' id='word_1_64' title='bbox 1339 1453 1376 1507; x_wconf 88' lang='lat' dir='ltr'><strong>sit</strong></span> 
     </span>
     <span class='ocr_line' id='line_1_11' title="bbox 561 1535 1336 1605; baseline 0.006 -17"><span class='ocrx_word' id='word_1_65' title='bbox 561 1538 645 1605; x_wconf 86' lang='lat' dir='ltr'><strong>etque</strong></span> <span class='ocrx_word' id='word_1_66' title='bbox 663 1535 821 1590; x_wconf 80' lang='lat' dir='ltr'><strong>Amberveli</strong></span> <span class='ocrx_word' id='word_1_67' title='bbox 823 1553 1336 1594; x_wconf 88' lang='lat'>................</span> 
     </span>
    </p>
   </div>
   <div class='ocr_carea' id='block_1_4' title="bbox 560 1583 1377 1765">
    <p class='ocr_par' dir='ltr' id='par_1_4' title="bbox 560 1583 1377 1765">
     <span class='ocr_line' id='line_1_12' title="bbox 560 1583 1377 1694; baseline 0.007 -17"><span class='ocrx_word' id='word_1_68' title='bbox 560 1623 744 1692; x_wconf 85' lang='lat' dir='ltr'>Respondent</span> <span class='ocrx_word' id='word_1_69' title='bbox 762 1627 881 1694; x_wconf 85' lang='lat' dir='ltr'><strong>tempus,</strong></span> <span class='ocrx_word' id='word_1_70' title='bbox 901 1625 989 1690; x_wconf 86' lang='lat' dir='ltr'><strong>locus,</strong></span> <span class='ocrx_word' id='word_1_71' title='bbox 1008 1627 1085 1681; x_wconf 86' lang='lat' dir='ltr'><strong>ritus.</strong></span> <span class='ocrx_word' id='word_1_72' title='bbox 1107 1655 1137 1666; x_wconf 90' lang='lat'><em>-</em></span> <span class='ocrx_word' id='word_1_73' title='bbox 1158 1627 1202 1682; x_wconf 92' lang='lat' dir='ltr'><strong>De</strong></span> <span class='ocrx_word' id='word_1_74' title='bbox 1214 1628 1295 1682; x_wconf 82' lang='lat' dir='ltr'><strong>Festi</strong></span> <span class='ocrx_word' id='word_1_75' title='bbox 1313 1583 1377 1683; x_wconf 75' lang='lat' dir='ltr'><strong>lucu</strong></span> 
     </span>
     <span class='ocr_line' id='line_1_13' title="bbox 561 1709 743 1765; baseline 0.005 -2"><span class='ocrx_word' id='word_1_76' title='bbox 561 1709 743 1765; x_wconf 74' lang='lat' dir='ltr'><strong>emendando.</strong></span> 
     </span>
    </p>
   </div>
   <div class='ocr_carea' id='block_1_5' title="bbox 360 1845 1378 1956">
    <p class='ocr_par' dir='ltr' id='par_1_5' title="bbox 360 1845 1378 1956">
     <span class='ocr_line' id='line_1_14' title="bbox 360 1845 1378 1956; baseline 0.006 -8"><span class='ocrx_word' id='word_1_77' title='bbox 360 1883 401 1948; x_wconf 91' lang='lat'><strong>11.</strong></span> <span class='ocrx_word' id='word_1_78' title='bbox 446 1863 721 1951; x_wconf 77' lang='lat' dir='ltr'><strong>sncmmcrnn</strong></span> <span class='ocrx_word' id='word_1_79' title='bbox 743 1884 919 1952; x_wconf 81' lang='lat' dir='ltr'><strong>nncnnu</strong></span> <span class='ocrx_word' id='word_1_80' title='bbox 948 1882 1003 1951; x_wconf 87' lang='lat' dir='ltr'><strong>on</strong></span> <span class='ocrx_word' id='word_1_81' title='bbox 1030 1845 1338 1956; x_wconf 79' lang='lat' dir='ltr'><strong>nneusnsnm..</strong></span> <span class='ocrx_word' id='word_1_82' title='bbox 1372 1941 1378 1954; x_wconf 94' lang='lat'><strong>.</strong></span> 
     </span>
    </p>
   </div>
   <div class='ocr_carea' id='block_1_6' title="bbox 450 1986 1377 2410">
    <p class='ocr_par' dir='ltr' id='par_1_6' title="bbox 451 1986 736 2042">
     <span class='ocr_line' id='line_1_15' title="bbox 451 1986 736 2042; baseline -0.011 -1"><span class='ocrx_word' id='word_1_83' title='bbox 451 1990 473 2041; x_wconf 93' lang='lat' dir='ltr'><strong>l.</strong></span> <span class='ocrx_word' id='word_1_84' title='bbox 511 2003 599 2041; x_wconf 84' lang='lat' dir='ltr'><strong>sunus</strong></span> <span class='ocrx_word' id='word_1_85' title='bbox 619 1993 648 2042; x_wconf 93' lang='lat' dir='ltr'><strong>et</strong></span> <span class='ocrx_word' id='word_1_86' title='bbox 666 1986 736 2041; x_wconf 86' lang='lat' dir='ltr'><strong>dies.</strong></span> 
     </span>
    </p>

    <p class='ocr_par' dir='ltr' id='par_1_7' title="bbox 450 2073 1377 2321">
     <span class='ocr_line' id='line_1_16' title="bbox 450 2073 887 2130; baseline -0.007 0"><span class='ocrx_word' id='word_1_87' title='bbox 450 2077 475 2130; x_wconf 81' lang='grc'><strong>2.</strong></span> <span class='ocrx_word' id='word_1_88' title='bbox 510 2076 582 2130; x_wconf 80' lang='lat' dir='ltr'><strong>ratio</strong></span> <span class='ocrx_word' id='word_1_89' title='bbox 602 2081 631 2130; x_wconf 92' lang='lat' dir='ltr'><strong>et</strong></span> <span class='ocrx_word' id='word_1_90' title='bbox 648 2075 728 2129; x_wconf 92' lang='lat' dir='ltr'><strong>locus</strong></span> <span class='ocrx_word' id='word_1_91' title='bbox 747 2073 887 2129; x_wconf 79' lang='lat' dir='ltr'><strong>sacrificii.</strong></span> 
     </span>
     <span class='ocr_line' id='line_1_17' title="bbox 512 2162 1377 2239; baseline 0.008 -22"><span class='ocrx_word' id='word_1_92' title='bbox 512 2165 554 2218; x_wconf 91' lang='lat' dir='ltr'><strong>De</strong></span> <span class='ocrx_word' id='word_1_93' title='bbox 567 2163 742 2218; x_wconf 87' lang='lat' dir='ltr'><strong>institutione</strong></span> <span class='ocrx_word' id='word_1_94' title='bbox 753 2162 957 2232; x_wconf 79' lang='lat' dir='ltr'><strong>Augustalium.</strong></span> <span class='ocrx_word' id='word_1_95' title='bbox 971 2165 1054 2220; x_wconf 90' lang='lat' dir='ltr'><strong>—De</strong></span> <span class='ocrx_word' id='word_1_96' title='bbox 1068 2165 1148 2234; x_wconf 87' lang='lat' dir='ltr'><strong>divis,</strong></span> <span class='ocrx_word' id='word_1_97' title='bbox 1162 2169 1262 2239; x_wconf 91' lang='lat' dir='ltr'><strong>quibus</strong></span> <span class='ocrx_word' id='word_1_98' title='bbox 1276 2169 1311 2223; x_wconf 89' lang='lat' dir='ltr'><strong>ob</strong></span> <span class='ocrx_word' id='word_1_99' title='bbox 1320 2171 1377 2224; x_wconf 83' lang='lat' dir='ltr'><strong>Au·</strong></span> 
     </span>
     <span class='ocr_line' id='line_1_18' title="bbox 513 2249 1008 2321; baseline -0.004 -14"><span class='ocrx_word' id='word_1_100' title='bbox 513 2251 635 2321; x_wconf 79' lang='lat' dir='ltr'><strong>gustelie</strong></span> <span class='ocrx_word' id='word_1_101' title='bbox 654 2249 773 2305; x_wconf 79' lang='lat' dir='ltr'><strong>Arvnles</strong></span> <span class='ocrx_word' id='word_1_102' title='bbox 792 2250 1008 2305; x_wconf 75' lang='lat' dir='ltr'><strong>immolaverunt.</strong></span> 
     </span>
    </p>

    <p class='ocr_par' dir='ltr' id='par_1_8' title="bbox 452 2341 689 2410">
     <span class='ocr_line' id='line_1_19' title="bbox 452 2341 689 2410; baseline -0.017 -14"><span class='ocrx_word' id='word_1_103' title='bbox 452 2341 478 2396; x_wconf 86' lang='lat'><strong>3.</strong></span> <span class='ocrx_word' id='word_1_104' title='bbox 515 2345 689 2410; x_wconf 77' lang='lat' dir='ltr'><strong>praesentes.</strong></span> 
     </span>
    </p>
   </div>
   <div class='ocr_carea' id='block_1_7' title="bbox 346 2513 1383 2893">
    <p class='ocr_par' dir='ltr' id='par_1_9' title="bbox 346 2513 1383 2893">
     <span class='ocr_line' id='line_1_20' title="bbox 346 2513 1383 2586; baseline 0.006 -8"><span class='ocrx_word' id='word_1_105' title='bbox 346 2513 403 2578; x_wconf 91' lang='lat'><strong>111.</strong></span> <span class='ocrx_word' id='word_1_106' title='bbox 448 2513 688 2582; x_wconf 81' lang='lat' dir='ltr'><strong>SACRIFIOIA</strong></span> <span class='ocrx_word' id='word_1_107' title='bbox 710 2517 1034 2584; x_wconf 80' lang='lat' dir='ltr'><strong>ANNIVERSARIA</strong></span> <span class='ocrx_word' id='word_1_108' title='bbox 1062 2519 1202 2585; x_wconf 77' lang='lat' dir='ltr'><strong>FACTA</strong></span> <span class='ocrx_word' id='word_1_109' title='bbox 1231 2517 1286 2586; x_wconf 91' lang='lat' dir='ltr'><strong>OB</strong></span> <span class='ocrx_word' id='word_1_110' title='bbox 1313 2521 1383 2585; x_wconf 89' lang='lat' dir='ltr'><strong>NA-</strong></span> 
     </span>
     <span class='ocr_line' id='line_1_21' title="bbox 449 2616 1383 2704; baseline 0.009 -24"><span class='ocrx_word' id='word_1_111' title='bbox 449 2616 587 2683; x_wconf 84' lang='lat' dir='ltr'>TALES</span> <span class='ocrx_word' id='word_1_112' title='bbox 610 2617 917 2704; x_wconf 81' lang='lat' dir='ltr'><strong>AUGUSTORUM,</strong></span> <span class='ocrx_word' id='word_1_113' title='bbox 941 2619 1245 2704; x_wconf 78' lang='lat' dir='ltr'><strong>AUGUSTARUM,</strong></span> <span class='ocrx_word' id='word_1_114' title='bbox 1269 2623 1383 2688; x_wconf 89' lang='lat' dir='ltr'>PRIN-</span> 
     </span>
     <span class='ocr_line' id='line_1_22' title="bbox 449 2719 1383 2806; baseline 0.004 -20"><span class='ocrx_word' id='word_1_115' title='bbox 449 2719 582 2786; x_wconf 78' lang='lat' dir='ltr'><strong>CIPUM</strong></span> <span class='ocrx_word' id='word_1_116' title='bbox 603 2719 749 2788; x_wconf 87' lang='lat' dir='ltr'>DOMUS</span> <span class='ocrx_word' id='word_1_117' title='bbox 772 2721 1019 2806; x_wconf 78' lang='lat' dir='ltr'><strong>AUGUSTAE;</strong></span> <span class='ocrx_word' id='word_1_118' title='bbox 1046 2723 1152 2789; x_wconf 86' lang='lat' dir='ltr'><strong>ITEM</strong></span> <span class='ocrx_word' id='word_1_119' title='bbox 1178 2723 1233 2790; x_wconf 90' lang='lat' dir='ltr'><strong>OB</strong></span> <span class='ocrx_word' id='word_1_120' title='bbox 1257 2722 1383 2790; x_wconf 89' lang='lat' dir='ltr'><strong>ADOP-</strong></span> 
     </span>
     <span class='ocr_line' id='line_1_23' title="bbox 449 2819 1377 2893; baseline 0 -6"><span class='ocrx_word' id='word_1_121' title='bbox 449 2819 616 2887; x_wconf 82' lang='lat' dir='ltr'><strong>TIONEM</strong></span> <span class='ocrx_word' id='word_1_122' title='bbox 639 2823 826 2893; x_wconf 80' lang='lat' dir='ltr'>NERONIS</span> <span class='ocrx_word' id='word_1_123' title='bbox 828 2873 1377 2891; x_wconf 87' lang='lat'><strong>.................</strong></span> 
     </span>
    </p>
   </div>
   <div class='ocr_carea' id='block_1_8' title="bbox 489 2925 1383 3154">
    <p class='ocr_par' dir='ltr' id='par_1_10' title="bbox 489 2925 1383 3154">
     <span class='ocr_line' id='line_1_24' title="bbox 489 2925 1383 3000; baseline 0.001 -22"><span class='ocrx_word' id='word_1_124' title='bbox 489 2925 631 2979; x_wconf 76' lang='lat' dir='ltr'><strong>lllencbns</strong></span> <span class='ocrx_word' id='word_1_125' title='bbox 650 2927 813 3000; x_wconf 80' lang='lat' dir='ltr'><strong>principum,</strong></span> <span class='ocrx_word' id='word_1_126' title='bbox 833 2943 947 2997; x_wconf 85' lang='lat' dir='ltr'><strong>qnorum</strong></span> <span class='ocrx_word' id='word_1_127' title='bbox 967 2927 1075 2980; x_wconf 85' lang='lat' dir='ltr'><strong>neteles</strong></span> <span class='ocrx_word' id='word_1_128' title='bbox 1089 2933 1337 2980; x_wconf 87' lang='lat' dir='ltr'><strong>commemorentur</strong></span> <span class='ocrx_word' id='word_1_129' title='bbox 1355 2927 1383 2979; x_wconf 93' lang='lat' dir='ltr'><strong>in</strong></span> 
     </span>
     <span class='ocr_line' id='line_1_25' title="bbox 490 3012 1382 3084; baseline 0.001 -19"><span class='ocrx_word' id='word_1_130' title='bbox 490 3012 562 3066; x_wconf 84' lang='lat' dir='ltr'><strong>sctis</strong></span> <span class='ocrx_word' id='word_1_131' title='bbox 575 3014 784 3084; x_wconf 87' lang='lat' dir='ltr'><strong>superstitibus,</strong></span> <span class='ocrx_word' id='word_1_132' title='bbox 803 3015 958 3084; x_wconf 86' lang='lat' dir='ltr'><strong>quibusque</strong></span> <span class='ocrx_word' id='word_1_133' title='bbox 972 3012 1072 3068; x_wconf 89' lang='lat' dir='ltr'><strong>diebus</strong></span> <span class='ocrx_word' id='word_1_134' title='bbox 1091 3027 1172 3068; x_wconf 82' lang='lat' dir='ltr'><strong>sucre</strong></span> <span class='ocrx_word' id='word_1_135' title='bbox 1189 3028 1282 3067; x_wconf 87' lang='lat' dir='ltr'><strong>eornm</strong></span> <span class='ocrx_word' id='word_1_136' title='bbox 1295 3028 1382 3067; x_wconf 82' lang='lat' dir='ltr'><strong>ceusu</strong></span> 
     </span>
     <span class='ocr_line' id='line_1_26' title="bbox 489 3097 645 3154; baseline 0.006 -2"><span class='ocrx_word' id='word_1_137' title='bbox 489 3097 565 3153; x_wconf 80' lang='lat' dir='ltr'><strong>iectu</strong></span> <span class='ocrx_word' id='word_1_138' title='bbox 581 3101 645 3154; x_wconf 80' lang='lat' dir='ltr'><strong>sint.</strong></span> 
     </span>
    </p>
   </div>
   <div class='ocr_carea' id='block_1_9' title="bbox 480 3187 1081 3700">
    <p class='ocr_par' dir='ltr' id='par_1_11' title="bbox 480 3187 1081 3700">
     <span class='ocr_line' id='line_1_27' title="bbox 480 3187 767 3244; baseline 0.01 -3"><span class='ocrx_word' id='word_1_139' title='bbox 480 3187 504 3241; x_wconf 93' lang='lat'><strong>1.</strong></span> <span class='ocrx_word' id='word_1_140' title='bbox 541 3203 629 3244; x_wconf 87' lang='lat' dir='ltr'><strong>eunus</strong></span> <span class='ocrx_word' id='word_1_141' title='bbox 649 3194 678 3244; x_wconf 92' lang='lat' dir='ltr'><strong>et</strong></span> <span class='ocrx_word' id='word_1_142' title='bbox 696 3189 767 3244; x_wconf 89' lang='lat' dir='ltr'><strong>dies.</strong></span> 
     </span>
     <span class='ocr_line' id='line_1_28' title="bbox 480 3273 757 3336; baseline 0.011 -10"><span class='ocrx_word' id='word_1_143' title='bbox 480 3273 505 3328; x_wconf 82' lang='lat'><strong>2.</strong></span> <span class='ocrx_word' id='word_1_144' title='bbox 542 3274 630 3329; x_wconf 91' lang='lat' dir='ltr'><strong>locus.</strong></span> <span class='ocrx_word' id='word_1_145' title='bbox 752 3323 757 3336; x_wconf 84' lang='lat'>,</span> 
     </span>
     <span class='ocr_line' id='line_1_29' title="bbox 542 3363 1025 3436; baseline 0 -20"><span class='ocrx_word' id='word_1_146' title='bbox 542 3363 584 3417; x_wconf 89' lang='lat' dir='ltr'><strong>De</strong></span> <span class='ocrx_word' id='word_1_147' title='bbox 603 3365 709 3436; x_wconf 88' lang='lat' dir='ltr'><strong>templu</strong></span> <span class='ocrx_word' id='word_1_148' title='bbox 728 3379 800 3418; x_wconf 84' lang='lat' dir='ltr'><strong>nnuc</strong></span> <span class='ocrx_word' id='word_1_149' title='bbox 820 3364 877 3418; x_wconf 86' lang='lat' dir='ltr'><strong>divi</strong></span> <span class='ocrx_word' id='word_1_150' title='bbox 896 3366 1025 3433; x_wconf 80' lang='lat' dir='ltr'><strong>Augusti.</strong></span> 
     </span>
     <span class='ocr_line' id='line_1_30' title="bbox 481 3449 841 3508; baseline 0.011 -4"><span class='ocrx_word' id='word_1_151' title='bbox 481 3451 506 3504; x_wconf 91' lang='lat'><strong>3.</strong></span> <span class='ocrx_word' id='word_1_152' title='bbox 543 3449 741 3506; x_wconf 75' lang='lat' dir='ltr'><strong>sacrificiorum</strong></span> <span class='ocrx_word' id='word_1_153' title='bbox 762 3453 841 3508; x_wconf 77' lang='lat' dir='ltr'><strong>ratio.</strong></span> 
     </span>
     <span class='ocr_line' id='line_1_31' title="bbox 545 3537 1081 3606; baseline 0.011 -16"><span class='ocrx_word' id='word_1_154' title='bbox 545 3537 652 3606; x_wconf 83' lang='lat' dir='ltr'><strong>Quibus</strong></span> <span class='ocrx_word' id='word_1_155' title='bbox 672 3540 828 3596; x_wconf 89' lang='lat' dir='ltr'><strong>numinibus</strong></span> <span class='ocrx_word' id='word_1_156' title='bbox 848 3541 1016 3596; x_wconf 77' lang='lat' dir='ltr'><strong>immolestum</strong></span> <span class='ocrx_word' id='word_1_157' title='bbox 1036 3541 1081 3596; x_wconf 91' lang='lat' dir='ltr'><strong>sit.</strong></span> 
     </span>
     <span class='ocr_line' id='line_1_32' title="bbox 480 3629 718 3700; baseline -0.025 -15"><span class='ocrx_word' id='word_1_158' title='bbox 480 3629 506 3685; x_wconf 78' lang='lat'><strong>4.</strong></span> <span class='ocrx_word' id='word_1_159' title='bbox 543 3631 718 3700; x_wconf 78' lang='lat' dir='ltr'><strong>praesentes.</strong></span> 
     </span>
    </p>
   </div>
   <div class='ocr_carea' id='block_1_10' title="bbox 350 3800 1389 3973">
    <p class='ocr_par' dir='ltr' id='par_1_12' title="bbox 350 3800 1389 3973">
     <span class='ocr_line' id='line_1_33' title="bbox 350 3800 1389 3870; baseline -0.001 -2"><span class='ocrx_word' id='word_1_160' title='bbox 350 3803 404 3868; x_wconf 89' lang='lat' dir='ltr'><strong>IV.</strong></span> <span class='ocrx_word' id='word_1_161' title='bbox 450 3800 725 3869; x_wconf 82' lang='lat' dir='ltr'>SACRIFIOIUM</span> <span class='ocrx_word' id='word_1_162' title='bbox 753 3801 1110 3868; x_wconf 77' lang='lat' dir='ltr'>ANNIVERSARIUM</span> <span class='ocrx_word' id='word_1_163' title='bbox 1137 3802 1311 3870; x_wconf 82' lang='lat' dir='ltr'>FAOTUM</span> <span class='ocrx_word' id='word_1_164' title='bbox 1334 3801 1389 3868; x_wconf 88' lang='lat' dir='ltr'><strong>OB</strong></span> 
     </span>
     <span class='ocr_line' id='line_1_34' title="bbox 455 3903 1386 3973; baseline -0.003 0"><span class='ocrx_word' id='word_1_165' title='bbox 455 3903 844 3973; x_wconf 80' lang='lat' dir='ltr'>CONSECRATIONEM</span> <span class='ocrx_word' id='word_1_166' title='bbox 866 3903 1001 3969; x_wconf 88' lang='lat' dir='ltr'><strong>DIVAE</strong></span> <span class='ocrx_word' id='word_1_167' title='bbox 1023 3904 1277 3972; x_wconf 83' lang='lat' dir='ltr'><strong>AUGUSTAE..</strong></span> <span class='ocrx_word' id='word_1_168' title='bbox 1305 3953 1310 3966; x_wconf 91' lang='lat'><strong>.</strong></span> <span class='ocrx_word' id='word_1_169' title='bbox 1340 3955 1346 3967; x_wconf 91' lang='lat'><strong>.</strong></span> <span class='ocrx_word' id='word_1_170' title='bbox 1380 3955 1386 3970; x_wconf 93' lang='lat'><strong>.</strong></span> 
     </span>
    </p>
   </div>
   <div class='ocr_carea' id='block_1_11' title="bbox 373 4091 1390 4265">
    <p class='ocr_par' dir='ltr' id='par_1_13' title="bbox 373 4091 1390 4265">
     <span class='ocr_line' id='line_1_35' title="bbox 373 4091 1390 4162; baseline -0.002 -2"><span class='ocrx_word' id='word_1_171' title='bbox 373 4095 412 4160; x_wconf 90' lang='lat' dir='ltr'><strong>V.</strong></span> <span class='ocrx_word' id='word_1_172' title='bbox 456 4092 731 4161; x_wconf 81' lang='lat' dir='ltr'>SACRIFIOIUM</span> <span class='ocrx_word' id='word_1_173' title='bbox 753 4091 1111 4160; x_wconf 80' lang='lat' dir='ltr'>ANNIVERSARIUM</span> <span class='ocrx_word' id='word_1_174' title='bbox 1138 4094 1313 4162; x_wconf 81' lang='lat' dir='ltr'><strong>FACTUM</strong></span> <span class='ocrx_word' id='word_1_175' title='bbox 1335 4093 1390 4161; x_wconf 89' lang='grc' dir='ltr'><strong>ΟΒ</strong></span> 
     </span>
     <span class='ocr_line' id='line_1_36' title="bbox 455 4195 1387 4265; baseline -0.004 -3"><span class='ocrx_word' id='word_1_176' title='bbox 455 4196 687 4265; x_wconf 78' lang='grc' dir='ltr'><strong>ΜΕΜΟΒΙΑΜ</strong></span> <span class='ocrx_word' id='word_1_177' title='bbox 712 4196 766 4261; x_wconf 83' lang='grc' dir='ltr'><strong>ΤΙ.</strong></span> <span class='ocrx_word' id='word_1_178' title='bbox 789 4195 994 4262; x_wconf 81' lang='lat' dir='ltr'>CAESARIS</span> <span class='ocrx_word' id='word_1_179' title='bbox 996 4243 1387 4264; x_wconf 90' lang='grc'><em>............</em></span> 
     </span>
    </p>
   </div>
   <div class='ocr_carea' id='block_1_12' title="bbox 352 4393 1393 4573">
    <p class='ocr_par' dir='ltr' id='par_1_14' title="bbox 352 4393 1393 4573">
     <span class='ocr_line' id='line_1_37' title="bbox 352 4393 1393 4469; baseline -0.012 -1"><span class='ocrx_word' id='word_1_180' title='bbox 352 4403 408 4469; x_wconf 91' lang='lat' dir='ltr'><strong>VI.</strong></span> <span class='ocrx_word' id='word_1_181' title='bbox 451 4401 727 4469; x_wconf 81' lang='lat' dir='ltr'><strong>SACRIFICIUM</strong></span> <span class='ocrx_word' id='word_1_182' title='bbox 750 4397 1108 4466; x_wconf 80' lang='lat' dir='ltr'><strong>ANNIVERSARIUM</strong></span> <span class='ocrx_word' id='word_1_183' title='bbox 1136 4393 1310 4460; x_wconf 81' lang='lat' dir='ltr'><strong>FAGTUM</strong></span> <span class='ocrx_word' id='word_1_184' title='bbox 1337 4393 1393 4460; x_wconf 90' lang='lat' dir='ltr'><strong>OB</strong></span> 
     </span>
     <span class='ocr_line' id='line_1_38' title="bbox 458 4497 1389 4573; baseline -0.016 0"><span class='ocrx_word' id='word_1_185' title='bbox 458 4505 687 4573; x_wconf 81' lang='lat' dir='ltr'>MEMORIAM</span> <span class='ocrx_word' id='word_1_186' title='bbox 710 4502 881 4570; x_wconf 85' lang='lat' dir='ltr'><strong>DOMITII</strong></span> <span class='ocrx_word' id='word_1_187' title='bbox 903 4501 1057 4567; x_wconf 79' lang='lat' dir='ltr'>PATRIS</span> <span class='ocrx_word' id='word_1_188' title='bbox 1079 4497 1274 4566; x_wconf 86' lang='lat' dir='ltr'><strong>NERONIS·</strong></span> <span class='ocrx_word' id='word_1_189' title='bbox 1307 4544 1313 4556; x_wconf 94' lang='lat'><strong>.</strong></span> <span class='ocrx_word' id='word_1_190' title='bbox 1342 4543 1348 4556; x_wconf 89' lang='lat'><strong>.</strong></span> <span class='ocrx_word' id='word_1_191' title='bbox 1383 4545 1389 4558; x_wconf 91' lang='lat'><strong>.</strong></span> 
     </span>
    </p>
   </div>
   <div class='ocr_carea' id='block_1_13' title="bbox 486 4606 780 4948">
    <p class='ocr_par' dir='ltr' id='par_1_15' title="bbox 486 4606 775 4753">
     <span class='ocr_line' id='line_1_39' title="bbox 488 4606 775 4663; baseline -0.003 0"><span class='ocrx_word' id='word_1_192' title='bbox 488 4612 510 4663; x_wconf 89' lang='lat' dir='ltr'><strong>l.</strong></span> <span class='ocrx_word' id='word_1_193' title='bbox 548 4625 636 4663; x_wconf 86' lang='lat' dir='ltr'><strong>sunus</strong></span> <span class='ocrx_word' id='word_1_194' title='bbox 657 4606 775 4662; x_wconf 89' lang='lat' dir='ltr'><strong>etdiss.</strong></span> 
     </span>
     <span class='ocr_line' id='line_1_40' title="bbox 486 4697 636 4753; baseline -0.033 0"><span class='ocrx_word' id='word_1_195' title='bbox 486 4699 511 4753; x_wconf 81' lang='lat'><strong>2.</strong></span> <span class='ocrx_word' id='word_1_196' title='bbox 548 4697 636 4751; x_wconf 88' lang='lat' dir='ltr'><strong>locus.</strong></span> 
     </span>
    </p>

    <p class='ocr_par' dir='ltr' id='par_1_16' title="bbox 487 4782 780 4948">
     <span class='ocr_line' id='line_1_41' title="bbox 487 4782 780 4840; baseline -0.017 -1"><span class='ocrx_word' id='word_1_197' title='bbox 487 4789 511 4840; x_wconf 87' lang='lat'><strong>3.</strong></span> <span class='ocrx_word' id='word_1_198' title='bbox 549 4785 620 4838; x_wconf 83' lang='lat' dir='ltr'><strong>ratic</strong></span> <span class='ocrx_word' id='word_1_199' title='bbox 641 4782 780 4838; x_wconf 81' lang='lat' dir='ltr'><strong>sacrificii.</strong></span> 
     </span>
     <span class='ocr_line' id='line_1_42' title="bbox 487 4873 723 4948; baseline -0.042 -16"><span class='ocrx_word' id='word_1_200' title='bbox 487 4873 512 4932; x_wconf 80' lang='lat'><strong>4.</strong></span> <span class='ocrx_word' id='word_1_201' title='bbox 550 4877 723 4948; x_wconf 75' lang='lat' dir='ltr'><strong>praesentes.</strong></span> 
     </span>
    </p>
   </div>
   <div class='ocr_carea' id='block_1_14' title="bbox 0 0 1826 5592">
    <p class='ocr_par' dir='ltr' id='par_1_17' title="bbox 0 0 1826 5592">
     <span class='ocr_line' id='line_1_43' title="bbox 0 0 1826 5592; baseline 0 0"><span class='ocrx_word' id='word_1_202' title='bbox 0 0 1826 5592; x_wconf 95' lang='lat' dir='ltr'><strong> </strong></span> 
     </span>
    </p>
   </div>
  </div>
 </body>
</html>
