3574 5592
653 347 767 404 Sacrum
786 317 855 404 deae
875 347 955 404 Diae.
1432 352 1473 418 47

133 527 257 586 Ctrnvvol.
277 543 305 602 p.
321 523 357 584 id
377 524 423 583 ed.
443 525 471 600 2,
494 523 658 584 (irruebatur
679 519 752 582 1810
772 541 802 600 p.
820 522 896 600 160).
924 521 1007 599 Quae
1021 539 1068 582 res
1089 529 1122 582 ut
1145 525 1247 584 melius
1267 523 1472 602 perspiciatur,

132 619 166 679 de
186 627 316 698 tempore
336 621 461 698 locoque
481 627 511 678 et
530 619 623 678 forma
643 618 793 696 utriusque
814 620 891 680 sacri
911 619 1077 679 accuratius
1099 618 1302 678 disserendum
1328 620 1392 679 erit.
1433 621 1475 679 Et

131 734 245 775 sacrum
265 715 382 793 quidem
402 713 563 790 Arvalium,
584 731 760 792 quamquam
781 715 844 774 dies
865 715 990 791 variant,
1010 732 1110 776 mense
1128 721 1226 775 tamen
1246 713 1330 773 Maio
1349 712 1473 773 vidimus

131 817 302 870 constanter
321 812 500 872 celebratum
521 827 602 869 esse:
629 809 667 870 ad
694 827 818 887 eumque
844 827 973 870 mensem
998 810 1107 888 optime
1134 809 1310 872 conveniunt
1334 827 1409 888 quae
1435 809 1472 868 de

131 905 358 967 Ambarvalibus
379 905 452 966 dicit
470 903 623 982 Vergilius
643 904 756 982 (Georp.
779 907 804 980 1,
819 907 875 970 345
887 905 999 983 seqq.):

427 1011 517 1078 terque
535 1020 622 1058 novae
641 1004 742 1061 π’νσιιιπ
756 1001 828 1076 felte
847 1001 998 1058 emunata
1010 1002 1117 1076 stupes

430 1101 516 1158 οιππίσ
535 1115 617 1173 pum
638 1097 734 1155 clrcrue
754 1106 778 1154 et
796 1099 864 1154 aceli
883 1099 1039 1155 comitentur
1059 1107 1177 1168 ouante,

426 1203 450 1252 et
470 1191 592 1252 Cereren
611 1194 730 1250 σίοιπονο
748 1201 842 1250 anecd
860 1196 889 1250 in
907 1202 984 1264 ueta,
1003 1210 1089 1269 neque
1108 1203 1170 1252 cute

421 1289 526 1366 sulcem
545 1293 659 1348 ructum
678 1291 821 1364 quiequam
839 1295 977 1363 supponat
996 1289 1097 1358 σνίοίὶι,

427 1403 509 1460 quum
529 1383 621 1441 Cereri
639 1391 712 1441 tortu
730 1385 869 1442 redimitae
888 1391 1011 1458 tempora
1030 1398 1130 1458 quercu

426 1481 470 1537 det
487 1488 574 1538 πιοτιιο
593 1483 783 1555 incompositos
802 1489 827 1538 et
845 1481 969 1536 σσνπιίοσ
989 1477 1070 1534 diem.

132 1574 208 1636 Nam
230 1579 357 1634 exeunte
378 1573 460 1634 Maio
482 1579 598 1649 segetes
624 1591 719 1651 paene
745 1581 876 1634 maturae
903 1575 971 1631 snut
994 1571 1156 1648 messisque
1176 1570 1275 1634 instat.
1315 1573 1476 1635 Praeterea

131 1671 222 1729 mensi
243 1669 327 1729 Maio
348 1669 541 1731 Ambarvalia
559 1669 715 1730 manifesto
735 1669 868 1728 tribuunt
887 1667 1055 1743 menologia
1074 1667 1194 1742 rustica,
1216 1686 1280 1728 cunr
1301 1668 1474 1730 adscribant

129 1765 166 1826 ad
186 1783 253 1824 eum
274 1771 372 1823 uotam
391 1774 489 1842 repetes
507 1765 656 1822 latrante
678 1763 718 1833 (Ο.
734 1765 759 1822 1.
771 1763 806 1824 L.
830 1766 846 1821 1
862 1784 893 1840 p.
907 1763 985 1834 358).
1015 1763 1055 1820 Et
1075 1778 1111 1819 ne
1132 1761 1169 1820 de
1191 1761 1237 1821 dia
1253 1764 1371 1840 quidem
1385 1765 1474 1825 ullam

129 1859 340 1920 dubitationem
366 1859 522 1920 admittunt
549 1877 585 1917 ea
610 1875 686 1936 qnae
711 1857 856 1918 Marinins
882 1857 923 1934 (p.
941 1855 1008 1933 138)
1035 1856 1132 1915 attulit
1160 1874 1198 1916 ex
1218 1857 1292 1918 actis
1313 1859 1473 1919 minoribus

128 1963 286 2031 martyrum
306 1955 530 2016 Anauuensium
551 1955 589 2013 od
610 1953 685 2012 diem
706 1955 742 2014 20
763 1953 870 2012 mensis
890 1951 960 2010 Maii
986 1950 1053 2009 anni
1074 1969 1102 2028 p.
1122 1949 1157 2009 Ο.
1172 1953 1243 2010 393:
1270 1955 1347 2011 adut
1370 1955 1427 2012 dies
1446 1959 1476 2014 iu

130 2069 184 2126 qua
203 2051 259 2108 dira
277 2053 333 2108 auia
353 2055 432 2126 praei
447 2070 502 2128 pro
517 2051 647 2128 srupr'bres
665 2049 797 2107 tantoris
814 2049 925 2124 perutiles
944 2048 1085 2104 inmolant
1102 2056 1126 2104 et
1145 2049 1201 2103 iam
1214 2065 1357 2104 σοπσπισε
1376 2057 1474 2123 copruu

129 2147 279 2216 immolare,
299 2149 331 2205 et
351 2146 379 2204 in
400 2146 475 2205 actis
496 2135 671 2206 maioribus:
698 2145 762 2200 dum
782 2144 902 2218 σποιίσιπ
921 2147 977 2200 ritu
994 2142 1129 2219 parilitas
1145 2142 1306 2217 plumarius
1324 2161 1389 2199 auca
1404 2163 1474 2219 pro·

129 2241 264 2299 tenderent
281 2251 362 2316 aspre
387 2259 518 2318 aprorum
542 2244 636 2316 spatie
661 2243 805 2298 circuirent
822 2279 849 2296 ..
869 2281 897 2297 ..
919 2285 925 2297 .
946 2237 1073 2294 luctuosis
1098 2237 1236 2293 ornatibus
1260 2246 1284 2294 et
1308 2238 1476 2297 diuersorum

126 2353 257 2410 pecorum
277 2339 387 2412 pompus
405 2340 499 2395 erectis
519 2342 575 2395 cet.
597 2331 779 2413 (Bolland.'l
801 2334 876 2394 Maii
895 2350 924 2407 p.
938 2329 1004 2406 40),
1031 2331 1067 2388 cf.
1094 2329 1182 2388 etiem
1201 2331 1305 2389 litterae
1324 2333 1353 2392 S.
1381 2333 1476 2410 l'r'pilv'i

128 2433 249 2505 apocope·
268 2431 308 2487 ud
324 2429 354 2490 S.
374 2431 508 2488 Ioannem
529 2429 743 2507 Ctrpaostomum
764 2427 844 2508 apud
864 2426 990 2485 Rniuart
1009 2435 1071 2483 aete
1097 2427 1169 2484 MM.
1190 2443 1218 2502 p.
1234 2428 1289 2486 535
1305 2435 1335 2486 et
1350 2427 1477 2488 Bolland

129 2523 144 2582 'l
166 2542 194 2600 p.
208 2525 247 2582 43
271 2526 342 2591 (eunt
356 2525 466 2581 lustrale
485 2525 586 2582 mulum
606 2529 682 2582 circa
693 2526 763 2599 fines
783 2541 914 2600 aprorum
934 2530 1061 2598 cuperent
1078 2521 1175 2578 ducere
1195 2527 1262 2592 cet.)
1285 2527 1315 2580 et
1334 2524 1476 2600 Martprc·
1539 2583 1544 2602 .

130 2619 231 2694 lopiurn
259 2619 365 2675 Adonis
389 2619 507 2694 nrclu'ep.
544 2621 639 2678 l'ienn.
660 2617 785 2695 (Romae
809 2616 894 2693 1145)
915 2635 944 2693 p.
959 2615 1025 2690 23⁷,
1045 2615 1114 2674 item
1134 2614 1227 2674 citata
1247 2615 1407 2676 cMarinio
1420 2619 1439 2676 l.
1451 2635 1476 2676 c.

133 2711 341 2772 Lustrationes
362 2711 451 2787 igitur
471 2729 607 2788 agrorum
627 2712 672 2772 his
694 2712 769 2772 actis
790 2717 1030 2771 commemoratos
1051 2727 1115 2768 cum
1136 2715 1247 2770 certum
1267 2713 1305 2771 sit
1325 2730 1390 2770 esse
1405 2713 1477 2771 Am·

129 2805 272 2881 barralis,
291 2805 365 2865 haec
386 2809 454 2867 anto
476 2805 552 2866 diem
573 2807 620 2866 IV
641 2805 783 2868 kalendas
804 2806 906 2866 Iunias
928 2805 1079 2865 celebrata
1098 2823 1165 2864 esse
1181 2809 1308 2878 constat,
1329 2805 1360 2864 id
1380 2813 1426 2864 est
1441 2823 1476 2865 ec

128 2901 202 2977 ipso,
224 2918 283 2978 qno
304 2918 418 2960 sacrum
438 2902 536 2962 iacere
562 2909 776 2963 consueverant
805 2903 940 2963 Arvales.
981 2899 1039 2974 Qui
1059 2899 1139 2978 quod
1160 2917 1235 2959 anno
1255 2902 1326 2976 393,
1353 2901 1400 2976 qui
1430 2905 1477 2960 est

129 3015 224 3054 anons
247 3013 333 3054 aerae
354 2994 560 3057 Varronianae
582 2999 665 3071 1146,
688 3003 755 3057 ante
777 2997 851 3056 diem
872 2996 970 3072 potius
991 2993 1071 3054 XIV
1093 2993 1235 3054 kalendas
1256 2994 1375 3054 easdem
1391 3013 1478 3054 sacra

128 3091 225 3150 iacere
246 3089 410 3167 debebant,
440 3091 471 3151 id
491 3092 540 3152 vix
559 3099 631 3170 puto
660 3091 771 3170 opponi
795 3107 900 3169 posse,
930 3108 994 3149 cum
1021 3089 1139 3149 abolitis
1161 3089 1253 3149 sacris
1275 3089 1426 3148 Arvalium
1447 3095 1477 3149 et

129 3183 297 3244 dominante
318 3184 347 3243 in
368 3186 439 3244 urbe
468 3187 691 3248 christianorum
715 3187 858 3262 religione
886 3191 968 3245 vetus
995 3202 1144 3244 sacrorum
1171 3183 1244 3244 ordo
1264 3185 1293 3242 in
1324 3183 1476 3261 provincia

128 3285 241 3337 remota
261 3278 347 3338 facile
368 3279 449 3339 credi
469 3283 566 3358 possit
584 3282 679 3342 minus
700 3281 857 3358 diligenter
876 3286 1007 3340 retentus
1029 3296 1102 3339 esse.
1129 3278 1292 3340 Celebrate
1305 3280 1395 3356 igitur
1410 3285 1479 3339 sunt

127 3371 230 3432 eodem
251 3380 382 3451 tempore
402 3375 596 3437 Ambarvalia
616 3385 646 3436 et
666 3395 752 3438 sacra
774 3375 934 3436 Arvalium.

201 3468 266 3526 Iam
288 3467 444 3529 videndum
465 3479 513 3530 ast
532 3472 569 3531 de
589 3475 663 3533 loco.
704 3472 750 3530 De
766 3489 801 3530 eo
823 3467 932 3530 Strabo
953 3469 983 3546 (5
998 3488 1027 3547 p.
1042 3471 1098 3529 230
1112 3467 1164 3546 (l):
1185 3465 1299 3541 μεταξὺ
1320 3469 1408 3546 γοῦν,
1436 3468 1478 3526 ait

130 3562 185 3619 τοῦ
206 3558 346 3636 πέμπτον
366 3561 417 3622 καί
437 3565 493 3622 τοῦ
518 3561 606 3624 ἕκτου
631 3565 724 3625 λίθου
750 3566 811 3624 τῶν
835 3557 874 3621 τὰ
899 3561 985 3639 pidia
1006 3553 1270 3638 διασημαινόντοιν
1290 3564 1345 3638 τῆς
1361 3555 1478 3637 Ῥιίμης

127 3655 261 3714 καλεῖται
282 3649 375 3726 τόπος
397 3657 529 3735 Φῆστον
557 3659 667 3718 τοῦτον
693 3649 807 3733 δ”ίίριον
835 3652 1043 3737 ἀποφαίνουσι
1070 3656 1125 3731 τῆς
1149 3648 1217 3714 τότε
1234 3649 1393 3732 Ῥωμαίων
1412 3657 1476 3734 γῆς,

128 3747 157 3804 ιίί
174 3742 427 3826 θ’ίερσμνήμονες
445 3749 564 3811 θυσίαν
583 3751 771 3812 ἐπιτελοῦσιν
791 3744 974 3812 lucutenta
989 3747 1083 3810 uuida
1103 3743 1207 3820 ἄλλοις
1225 3743 1331 3820 τόποις
1345 3747 1479 3808 πλείοσιν

128 3835 168 3911 ὡς
189 3835 285 3918 ὁρίοις
304 3837 498 3924 αὐθημερόν,
524 3839 562 3924 ἣν
587 3849 733 3908 καλοῦσιν
750 3842 967 3922 aspernentur.
1006 3843 1155 3921 Fuerunt,
1186 3845 1235 3924 qni
1265 3845 1343 3906 sacri
1372 3862 1478 3904 nomen

128 3945 239 3997 mutare
270 3939 379 4000 vellent
407 3940 437 3998 in
464 3943 615 3998 Amburbiu
642 3940 691 4019 (ci.
712 3941 818 4001 Miiller
837 3941 876 3997 cd
895 3941 977 3998 Paul.
999 3940 1080 3998 Diae.
1102 3942 1162 4015 pb
1183 3959 1206 4000 s.
1222 3959 1247 4000 v.
1264 3940 1477 4015 Ambarvales3

127 4033 300 4110 Marquardt
321 4037 356 4093 R.
373 4037 407 4093 A.
426 4037 445 4093 4
465 4055 493 4113 p.
508 4036 592 4114 418);
615 4037 668 4097 sed
689 4036 822 4097 codicum
843 4034 1018 4094 auctoritate
1039 4033 1206 4094 emendatio
1225 4035 1276 4094 illa
1306 4053 1363 4094 noo
1379 4035 1476 4094 firma·

127 4133 172 4186 tur
193 4128 329 4207 mihique,
349 4129 420 4189 licet
439 4147 498 4188 uon
520 4131 617 4191 omnia
631 4131 806 4191 conveniant
830 4147 848 4188 a
872 4127 1020 4190 Strabone
1045 4129 1163 4203 tradita,
1184 4147 1216 4188 re
1237 4147 1307 4192 vern
1328 4131 1376 4206 ogi
1397 4129 1475 4190 vide-

128 4229 173 4281 tur
194 4223 231 4282 de
252 4241 338 4283 sacro
363 4225 594 4284 Ambarvalium.
634 4227 672 4286 Id
700 4226 790 4302 igitur
819 4242 884 4283 cum
917 4223 1098 4301 temporibus
1128 4225 1338 4302 antiquissimis
1370 4225 1477 4284 circum

126 4319 219 4375 totum
239 4335 342 4394 agrum
363 4318 529 4378 Romanum
550 4320 726 4394 duceretur,
747 4319 909 4396 posteriore
931 4325 1037 4392 aetate,
1063 4335 1241 4396 quamquam
1266 4320 1331 4379 aliis
1359 4336 1476 4397 quoque

131 4411 202 4470 locis
223 4411 321 4470 finium
343 4421 471 4473 veterum
499 4413 614 4474 videtur
639 4415 797 4492 repetitum
824 4431 905 4488 esse,
931 4413 1138 4473 celebrabatur
1157 4414 1342 4492 potissimum
1363 4415 1391 4472 in
1410 4413 1477 4472 loco

131 4505 230 4565 Fastis
251 4525 270 4567 a
291 4505 438 4567 Strabone
459 4509 621 4586 appellato.
647 4509 758 4568 Lucum
780 4516 877 4569 autem
897 4508 970 4568 deae
991 4508 1077 4584 Diae,
1097 4510 1127 4568 in
1148 4529 1206 4587 quo
1220 4509 1346 4568 Arvales
1362 4525 1477 4568 sacrum

131 4599 286 4676 iaciebant,
307 4609 376 4662 aeta
396 4620 496 4661 eornm
517 4604 692 4664 collocatum
712 4603 803 4663 fuisse
824 4603 943 4662 tradunt
963 4603 1001 4661 ad
1022 4603 1153 4680 quintum
1173 4604 1316 4684 lapidum,
1336 4601 1476 4678 templum

130 4711 198 4753 vero
230 4695 329 4757 Fortis
360 4698 523 4774 Fortunae,
554 4699 633 4776 quod
659 4698 866 4776 inscriptiones
894 4699 934 4756 ibi
959 4699 1086 4758 effossae
1109 4699 1277 4774 contiguum
1297 4699 1364 4758 luco
1387 4697 1477 4756 luisse

131 4789 290 4852 ostendunt
310 4791 359 4870 (cl.
380 4793 527 4850 Belerione
547 4811 574 4870 p.
592 4797 645 4852 100
658 4792 764 4871 seqq),
785 4811 838 4852 sex
858 4794 973 4852 milibus
995 4811 1137 4870 passuum
1158 4795 1194 4854 ab
1217 4795 1288 4854 urbo
1303 4793 1413 4851 distare
1434 4790 1475 4848 di-

131 4882 204 4941 uitur
231 4885 259 4944 in
286 4886 373 4946 lastis
394 4887 585 4948 Amiterninis
614 4895 644 4948 et
673 4886 844 4965 Esquilinis.
892 4886 1032 4964 Sequitur
1060 4889 1156 4945 lucum
1177 4887 1262 4946 situm
1289 4887 1382 4945 luisse
1402 4885 1478 4944 iuter

131 4975 244 5056 lapides
266 4981 395 5058 quintum
416 4989 447 5042 et
466 4989 595 5056 sextum,
616 4981 647 5041 id
666 4981 746 5060 quod
766 4981 883 5042 omuino
903 4981 1064 5059 respondet
1083 4981 1118 5040 iis
1140 4998 1215 5060 quae
1235 4981 1272 5042 de
1291 4983 1358 5042 loco
1377 4979 1477 5042 Fastis
