3592 5598
708 329 725 364 ἢ

299 387 359 454 104
874 385 952 442 Vota
970 403 1068 442 annua.

295 560 390 634 nibus,
420 558 546 636 denique
577 557 682 632 Saluti,
712 575 787 636 qnae
816 557 920 619 eadem
952 562 1121 639 appellatur
1141 559 1230 622 Salus
1262 558 1390 638 publica,
1411 558 1499 621 Salus
1521 559 1645 636 publica

295 655 397 730 populi
417 654 545 714 Romani
565 653 727 729 Quiritium,
758 653 845 716 Salus
867 656 1006 732 Angusta
1035 657 1158 733 publica
1191 655 1291 733 populi
1321 652 1447 714 Romani
1478 653 1648 728 Qniritium.

297 748 453 810 Accedunt
472 751 501 808 in
523 750 597 810 actis
619 747 827 825 antiquissimis
849 748 906 809 dea
925 751 983 810 Dia
1003 756 1033 810 et
1053 750 1138 810 diuus
1160 752 1322 827 Augustus,
1344 755 1376 808 ut
1396 748 1557 810 ostendunt
1577 755 1650 807 acta

296 861 320 900 a.
342 845 395 916 383
415 845 445 902 in
465 845 540 904 actis
560 844 661 921 paullo
681 843 894 904 recentioribus
915 845 1026 904 omissa
1040 845 1095 904 dea
1107 845 1167 906 Dia
1180 845 1366 904 nominantur
1382 844 1649 919 divnsAngustus,

296 935 365 996 diua
384 942 532 1014 Augusta,
553 938 638 997 divus
662 937 816 1012 Claudius,
838 939 946 1015 quibus
968 939 1109 998 immolari
1138 941 1253 1000 solebat
1282 939 1313 998 in
1333 939 1443 1016 templo
1474 955 1551 997 novo
1584 937 1649 996 diri

296 1033 433 1108 Augusti,
454 1051 512 1110 quo
534 1032 570 1092 de
591 1034 627 1091 cl.
648 1051 676 1110 p.
697 1035 742 1092 55.
784 1035 823 1092 Et
849 1033 894 1091 his
915 1032 1032 1110 qnidam
1053 1031 1127 1093 diuis
1149 1035 1328 1094 immolatum
1345 1041 1390 1094 est
1413 1035 1501 1094 etiam
1521 1050 1575 1110 pro
1597 1050 1649 1090 sa·

295 1126 355 1184 luta
368 1125 483 1186 Galbae
504 1134 533 1187 et
554 1127 694 1187 Othonis:
716 1127 846 1186 cessavit
865 1131 962 1187 autem
982 1128 1078 1187 cultus
1092 1145 1190 1186 eorum
1212 1129 1266 1188 sub
1281 1127 1393 1188 Flauiis
1407 1127 1652 1206 imperatoribus,

297 1237 350 1280 nec
371 1221 400 1279 in
421 1223 494 1281 actis
514 1222 668 1282 Arvalium
698 1241 826 1299 unquam
847 1221 924 1281 redit
942 1239 1040 1280 eorum
1060 1223 1169 1282 mentio
1199 1223 1254 1282 nisi
1283 1223 1334 1282 ubi
1363 1241 1428 1282 cunr
1458 1223 1563 1282 ceteris
1591 1223 1650 1280 im-

294 1317 482 1392 peratoribus
501 1317 681 1378 consecratis
703 1317 828 1396 simplici
852 1316 984 1376 divorum
1006 1317 1120 1377 nomine
1151 1317 1435 1396 comprehenduntur
1466 1320 1515 1394 (cl.
1537 1335 1562 1377 a.
1587 1317 1649 1376 183

297 1412 353 1469 218
374 1411 451 1488 224).

372 1521 520 1584 Victimae
542 1523 666 1600 singulis
688 1523 853 1583 numinibus
875 1524 1061 1584 immolantur
1081 1523 1222 1601 singulae,
1244 1526 1293 1586 ubi
1314 1542 1369 1602 pro
1399 1523 1522 1599 singulis
1550 1523 1652 1600 impe-

296 1617 441 1677 ratoribus
462 1625 531 1678 vota
550 1619 630 1678 finnt.
671 1619 766 1678 Binae
787 1625 884 1678 antam
915 1618 1124 1696 sacrificantur,
1160 1637 1224 1680 cum
1254 1624 1325 1678 vota
1354 1625 1558 1696 nuncupantur
1588 1635 1652 1694 pro

296 1713 372 1772 binis
393 1713 619 1790 imperatoribus
640 1715 686 1773 uel
706 1731 759 1790 pro
779 1713 958 1790 imperatore
987 1721 1017 1774 et
1036 1715 1165 1776 Caesare
1196 1714 1245 1793 (cl.
1268 1733 1294 1774 a.
1316 1713 1352 1772 ’18
1378 1730 1433 1790 pro
1454 1711 1653 1789 Vespasiano

296 1809 436 1884 Angusto
465 1815 494 1868 et
524 1807 593 1868 Tito
623 1808 767 1882 Caesare;
798 1813 832 1868 81
864 1825 918 1884 pro
941 1808 1010 1869 Tito
1034 1810 1165 1871 Caesare
1185 1811 1324 1886 Augusto
1345 1813 1375 1866 et
1394 1806 1522 1868 Caesare
1541 1807 1652 1866 Domi-

295 1902 403 1979 tiano),
424 1905 493 1963 item
513 1921 567 1980 pro
589 1905 707 1962 Nerone
727 1910 757 1963 et
777 1901 904 1962 Octavia
924 1905 1049 1980 coniuge
1071 1903 1120 1982 (cl.
1141 1908 1178 1966 59
1199 1906 1248 1984 60)
1269 1909 1449 1982 posteraque
1470 1907 1654 1978 aetate-pro

296 1998 339 2057 M.
360 1999 484 2058 Aurelio
504 1999 624 2075 eiusque
645 2015 736 2058 uxore
759 2005 788 2058 et
807 1998 908 2058 liberis
929 1999 1077 2076 (Mauo.
1099 2000 1189 2076 OD).
1216 2000 1261 2058 At
1275 1999 1329 2058 sub
1343 1997 1521 2070 Domitiano,
1541 2014 1652 2074 qnam·
1693 1987 1696 1993 ’

296 2111 382 2170 quam
402 2093 431 2152 in
452 2095 527 2153 votis
558 2100 822 2153 commemorantur
849 2094 979 2154 Domitia
1008 2102 1039 2154 et
1068 2095 1214 2172 prioribus
1244 2101 1323 2154 certe
1354 2092 1534 2170 temporibus
1565 2091 1654 2150 Iulia

294 2188 436 2262 Augusta
456 2187 517 2247 Titi
537 2187 675 2248 Caesaris
695 2188 763 2263 filia,
784 2193 882 2248 tamen
903 2188 1037 2265 singulae
1052 2190 1187 2250 uictimae
1200 2187 1395 2248 immolantur.
1424 2186 1487 2248 Sub
1501 2185 1652 2258 Traiano,

295 2281 457 2356 Hadriano,
473 2282 639 2362 ⁴Antonino
671 2282 736 2356 Pio,
767 2299 831 2341 oum
862 2299 968 2344 uxores
1000 2302 1097 2344 eorum
1128 2283 1157 2342 in
1189 2285 1263 2344 actis
1296 2301 1355 2342 non
1388 2282 1581 2356 nominentur,
1615 2280 1652 2338 iu

296 2376 373 2434 uotis
401 2376 526 2451 singulis
562 2377 684 2436 victimis
715 2377 893 2437 immolatum
926 2395 992 2438 esse
1027 2377 1206 2438 credendum
1240 2385 1295 2439 est.
1335 2377 1411 2437 Item
1443 2377 1498 2436 sub
1531 2374 1654 2436 Severo

299 2470 478 2547 Alexandro,
498 2487 674 2549 quamquam
693 2489 752 2530 una
771 2490 837 2532 cum
857 2489 892 2532 eo
912 2473 1075 2534 Mammaea
1098 2474 1127 2532 in
1148 2474 1223 2536 uotis
1245 2473 1419 2548 nominatur,
1439 2470 1562 2548 singulis
1585 2470 1652 2528 ric-

296 2566 374 2628 timis
396 2565 627 2628 sacrificabatur.

767 2793 1184 2804 m

810 2991 839 3056 5.
884 2992 1127 3059 Praesentes.

374 3151 432 3225 Qui
452 3149 616 3224 adfuerant,
637 3147 705 3207 dum
726 3155 795 3207 uota
815 3157 1028 3226 nuncupantur,
1049 3151 1078 3209 in
1099 3149 1174 3210 actis
1195 3148 1338 3210 adfinem
1359 3148 1538 3211 adnotantur
1558 3167 1650 3226 pree-

299 3245 417 3324 scriptis
438 3247 534 3306 verbis
555 3245 615 3306 hia:

295 3357 336 3422 38
645 3355 814 3423 adfuerunt
836 3357 892 3419 illi.

295 3479 337 3544 58
351 3479 393 3544 59
409 3479 451 3545 60
465 3479 506 3544 69
523 3478 562 3544 78
585 3480 624 3544 81

297 3563 344 3648 (k.
358 3565 433 3641 oct.)
449 3565 489 3630 86
502 3565 541 3629 87
550 3563 624 3716 iam]
679 3563 711 3628 in
734 3561 869 3644 collegio
892 3563 1064 3630 adsuerunt
1084 3567 1142 3629 illl.

349 3649 388 3716 91
414 3650 526 3738 [DOll.
577 3649 588 3738 l

329 3765 415 3858 [101]
442 3771 502 3836 105
527 3767 611 3857 [117]
668 3769 839 3836 adfuerunt
861 3771 893 3836 in
917 3773 1051 3855 collegio
1074 3776 1129 3836 illi.

297 3885 551 4064 illgilglgodg'g]
569 3890 655 4054 ¹55}
682 3936 797 4000 fratros
820 3935 956 4002 Arvales
979 3942 1194 4002 convenerunt
1215 3939 1271 4002 illi.

294 4094 639 4246 paracarassimo

313 4184 390 4248 ou
415 4185 453 4248 ar
479 4186 626 4252 norun

295 4269 394 4334 18οΜ
394 4270 518 4336 ΑΒΜ
529 4273 626 4339 0218
679 4231 823 4309 deficiunt
833 4231 945 4310 sraelis
968 4232 1123 4312 lapidibus
1138 4235 1262 4340 nomiae
1277 4232 1445 4314 commoni
1460 4231 1643 4312 adfirmant.

387 4357 447 4420 231
465 4357 538 4446 238]

368 4476 502 4552 Magistri
522 4479 567 4537 vel
589 4481 786 4556 promagistri,
808 4497 983 4557 quamquam
1004 4485 1092 4538 antea
1112 4484 1329 4544 commemorati
1356 4487 1432 4560 sunt,
1459 4481 1536 4539 iuter
1554 4497 1642 4556 prae-

292 4575 390 4630 sentes
411 4570 506 4632 denuo
528 4575 713 4635 nominantur
733 4575 865 4652 exceptis
888 4576 963 4636 actis
984 4593 1010 4637 a.
1033 4577 1069 4634 38
1091 4581 1120 4636 et
1140 4578 1184 4636 59.
