3574 5592
294 297 336 375 2'4
840 307 919 367 Sacri
937 307 1006 363 deae
1027 304 1095 362 Diae

296 501 355 561 quo
376 483 431 544 diis
452 484 622 562 plerumque
648 483 764 544 litatum
787 501 852 544 esse
872 483 1016 543 Marinins
1039 484 1078 558 (p.
1093 479 1160 556 587)
1181 489 1259 542 recte
1281 488 1371 542 notat.
1404 515 1437 526 ·-
1467 481 1527 541 Pro
1548 482 1638 542 verbo

296 578 435 655 epulandi
454 579 534 656 quod
554 581 583 638 in
604 579 678 639 notis
701 597 726 637 a.
743 581 779 638 81
803 585 972 655 usurpatum
994 583 1041 636 cst
1060 576 1202 652 gustandi
1224 580 1254 636 et
1273 579 1368 653 ipsum
1383 583 1463 636 recte
1483 594 1514 637 se
1535 576 1639 648 haben

295 673 495 733 diciturenim
516 681 636 750 gustare
664 673 700 732 de
726 674 835 733 leviore
856 674 1001 732 albatione
1027 673 1107 732 lacta
1132 677 1216 731 extra
1242 681 1356 748 tempus
1378 671 1495 732 solitum
1516 672 1555 731 ad
1575 673 1640 731 ecli-

295 767 415 826 ciendas
436 767 550 826 modice
570 768 655 826 vires.
695 769 820 828 Arvales
842 775 938 828 antem
959 765 1122 827 videbimus
1143 766 1244 826 iterum
1272 767 1299 824 in
1320 768 1386 826 lnoo
1407 767 1541 843 epulatos
1562 785 1641 840 esse,

296 859 421 938 deniqne
442 879 565 921 cenasse
586 861 699 921 Romae
720 863 799 940 apud
819 864 999 938 magistrum.
1038 863 1144 938 Itaque
1165 879 1230 920 oum
1251 877 1304 937 pro
1325 860 1450 937 prandio
1471 867 1550 920 esset
1569 878 1642 937 epn·

296 957 354 1013 lnnn
375 957 507 1031 alteram,
529 975 583 1016 nec
603 957 726 1034 primum
748 963 871 1036 propter
890 957 991 1017 horam
1011 955 1169 1016 tardiorem
1190 973 1243 1031 pro
1256 955 1404 1014 ientaculo
1419 954 1520 1016 haberi
1535 957 1642 1032 possit,

295 1049 374 1109 hand
394 1051 493 1128 inepte
514 1047 617 1111 nonien
638 1053 665 1111 ei
685 1051 793 1112 inditur
813 1053 1000 1128 gestationis,
1022 1068 1199 1128 quamquam
1218 1057 1321 1125 gustus
1343 1049 1403 1108 sive
1424 1050 1553 1125 gustatio
1574 1067 1644 1126 pro·

298 1146 361 1221 prio
383 1145 527 1222 appellari
547 1146 663 1207 solebat
687 1149 780 1225 ipsius
802 1165 892 1208 cenae
914 1147 1071 1224 promulsis
1094 1148 1141 1221 (ol.
1161 1143 1334 1221 Marquardt
1352 1145 1387 1202 B.
1405 1146 1439 1203 il.
1460 1147 1517 1220 5‚1
1540 1164 1568 1221 p.
1583 1145 1643 1204 273

296 1245 327 1298 et
345 1240 423 1318 332).

770 1391 1164 1399 ψο-

502 1561 526 1622 ll·
563 1557 708 1614 sncrllolnn
727 1573 803 1628 agnae
823 1561 917 1632 optram
934 1563 959 1617 et
977 1559 1136 1617 caerimoniae
1154 1571 1206 1614 cnm
1226 1573 1255 1613 eo
1274 1559 1422 1614 conlnnctee.

643 1737 771 1816 [agnam
794 1733 932 1818 opimam
956 1733 1048 1822 deae]
1071 1733 1152 1799 Diae
1175 1731 1373 1812 immolalvit]
1393 1729 1425 1812 ¹).

648 1837 665 1898 ¹)
684 1839 713 1889 im
739 1837 802 1888 actia
830 1837 971 1890 admodum
993 1838 1092 1890 matilia
1119 1856 1173 1889 mom
1202 1837 1281 1904 liquet
1299 1854 1349 1902 qao
1367 1835 1442 1886 modo
1460 1849 1518 1885 ram
1533 1849 1646 1899 praeee-

691 1907 812 1959 demtr'lme
830 1911 969 1961 coniuncto
980 1911 1087 1976 saer-iret
1106 1909 1184 1962 rerba
1207 1909 1244 1959 ad
1262 1907 1462 1958 immolationem
1480 1921 1565 1973 nomae
1581 1922 1646 1970 per·

693 1979 821 2030 timentia:
840 1980 874 2047 cs.
894 1998 917 2030 a.
932 1981 965 2034 59
983 1998 1005 2032 e.
1020 1999 1044 2048 q.
1059 1999 1079 2030 a.

643 2061 831 2150 [eodemque
853 2061 917 2151 die]
936 2065 959 2149 ¹)
981 2069 1033 2129 ille
1057 2064 1219 2153 [magister
1235 2063 1362 2145 collegii
1386 2062 1517 2128 fratrum
1540 2062 1647 2126 Arra·

684 2163 774 2252 liu]m
796 2187 866 2232 cum
892 2171 946 2232 illo
973 2165 1113 2254 flaminle
1141 2167 1222 2232 deae
1248 2166 1328 2232 Diae
1355 2185 1473 2248 agnam
1500 2163 1646 2248 opimam

686 2266 885 2356 immolalvit.

646 2373 664 2438 ¹)
685 2373 724 2424 sic
742 2374 865 2437 scriptam
878 2374 967 2440 suisne
990 2374 1095 2425 videtur
1113 2373 1232 2426 imdr'earr'
1250 2384 1301 2425 tom
1319 2375 1407 2425 laianu
1426 2373 1538 2435 ambita,
1564 2390 1648 2438 quam

691 2446 750 2508 ipra
768 2445 863 2510 capitia
882 2445 1057 2508 dispositione,
1077 2463 1134 2496 cmm
1149 2446 1226 2508 prior
1244 2448 1300 2496 ctae
1312 2461 1377 2510 pora
1389 2444 1474 2494 medio
1485 2445 1546 2511 sere
1565 2459 1649 2494 cerea

692 2515 853 2566 terminetur.
889 2513 979 2581 Neque
1002 2527 1088 2567 tamem
1113 2517 1176 2567 inde
1192 2517 1247 2580 peti
1260 2531 1340 2581 poree
1364 2514 1440 2566 credo
1458 2513 1648 2582 supplemento

692 2595 809 2636 actorum
838 2585 950 2648 Tiberim·
978 2603 1040 2638 mam
1070 2587 1332 2638 animadvertendam
1359 2595 1398 2636 eet
1424 2602 1494 2634 ammo
1513 2583 1561 2646 38,
1584 2603 1647 2635 arem

690 2673 798 2707 ooecom
810 2657 970 2709 immolasset
978 2657 1160 2724 promoyietem
1179 2657 1267 2724 ipsam
1278 2657 1441 2724 maqietrmm,
1459 2656 1504 2720 pai
1517 2665 1571 2706 tem
1584 2666 1647 2706 erat

692 2725 718 2778 0.
739 2725 835 2778 Caesar
853 2728 995 2796 adapertae,
1014 2743 1097 2796 aynae
1109 2745 1211 2780 ramum
1218 2727 1324 2794 secisse,
1345 2726 1466 2791 ludisque
1474 2725 1647 2790 praesedisse

696 2799 864 2850 circensibus.

294 2881 337 2946 40
642 2907 703 2950 aaa
726 2894 978 2948 commemorator
999 2887 1184 2965 sacrificium
1207 2905 1315 2966 aptae.

295 2983 348 3071 [58
364 2985 404 3052 59
423 2987 463 3052 66
479 2987 519 3051 69
536 2983 588 3072 72]
616 2996 620 3006 ’
644 2987 719 3052 inde
742 2988 774 3052 in
802 2987 883 3052 aede
909 2987 942 3052 in
964 2986 1034 3051 loco
1062 2987 1218 3054 sacrificio
1246 2986 1329 3050 lacto
1358 2985 1534 3050 immolavit
1561 2985 1647 3050 (leae

686 3090 767 3156 Diae
791 3109 909 3173 agnam
933 3089 1072 3174 opimam
1092 3091 1124 3173 ¹).

643 3195 662 3244 ¹}
693 3231 1040 3249 ..............
1071 3192 1139 3247 deae
1165 3193 1235 3248 Diae
1259 3208 1357 3262 agnem
1386 3191 1503 3262 opimam
1532 3193 1581 3248 5&
1610 3220 1644 3230 —

694 3263 758 3316 inde
778 3265 805 3318 in
825 3263 921 3318 aedem
941 3263 1005 3330 (sie)
1025 3264 1057 3346 ln·
1070 3265 1133 3318 loco
1155 3263 1291 3318 sacrificio
1311 3263 1385 3318 lacto
1405 3300 1644 3318 ..........

693 3336 1643 3472 :·.ee·1›tt⁸lttlpl⁰¹.⁸'i⁰.⁵.⁹f5.:ax-mx:1::

695 3515 936 3532 ..........
956 3474 1615 3532 ifiololectoim.....asDine......

681 3577 776 3603 .....
795 3543 1643 3611 69,·-1ud

694 3615 871 3671 o...olav
890 3655 1156 3673 ...........
1177 3633 1220 3671 am
1240 3617 1281 3671 72.

300 3698 336 3762 81
365 3697 476 3784 [DOll.
493 3704 532 3782 Α]
647 3703 785 3768 indeed
808 3711 995 3768 summotum
1018 3705 1050 3767 in
1073 3703 1154 3768 aede
1177 3702 1333 3768 sacrificio
1356 3702 1440 3767 facto
1463 3703 1644 3766 immolavit

683 3807 764 3872 deae
786 3807 867 3872 Diae
889 3825 1006 3889 agnam
1030 3806 1179 3891 opimam,
1202 3825 1266 3891 quo
1290 3804 1444 3872 sacrificio
1460 3811 1590 3889 peracto
1608 3805 1641 3868 in

684 3909 842 3977 Caesareo
867 3908 987 3994 epulati
1008 3915 1082 3974 sunt
1104 3909 1146 3974 ad
1167 3911 1356 3993 magistrum
1374 3909 1407 3991 ¹).

645 4011 662 4076 ¹)
681 4031 712 4065 er
730 4016 796 4065 actia
815 4013 943 4068 DOMA
967 4031 1022 4065 mom
1039 4025 1180 4084 supererant
1200 4016 1256 4066 miei
1273 4011 1376 4068 litterae
1394 4017 1423 4067 to
1442 4055 1449 4068 .
1467 4011 1546 4075 lnce,
1572 4029 1641 4080 qaae

695 4084 833 4152 repleatur
856 4087 908 4138 m'c:
936 4082 1084 4150 [sacrificio
1112 4085 1237 4153 paraclto
1265 4085 1292 4138 ia
1312 4084 1472 4152 Galesareo]
1496 4085 1527 4136 ot
1545 4099 1641 4150 eaeque

685 4157 867 4223 srapmemtmm
891 4157 928 4208 ad
947 4157 1051 4221 priores
1076 4156 1225 4208 Domitiani
1248 4174 1330 4210 aanor
1349 4157 1453 4211 ridetur
1470 4155 1640 4224 referendam

691 4242 754 4278 eree.

335 4306 374 4370 87
399 4303 452 4393 [89
475 4310 516 4374 90
538 4313 575 4376 91
639 4311 868 4398 sumptisq(ue)
890 4313 1064 4397 praetextis
1080 4319 1111 4378 et
1126 4313 1251 4380 coronis
1267 4313 1382 4399 spioeis
1397 4311 1519 4380 vittatis
1534 4313 1637 4376 lucum

392 4407 490 4475 DOM.
504 4411 538 4498 C]
680 4412 762 4478 deae
788 4414 870 4480 Diae
891 4413 933 4479 ad
956 4422 1143 4482 summotum
1172 4417 1383 4482 escenderunt
1412 4421 1444 4482 ct
1469 4436 1528 4502 per
1554 4419 1637 4478 illam

681 4517 869 4599 magistrum
891 4521 954 4602 (ool
975 4519 1231 4604 promagistrum
1254 4523 1304 4584 nel
1325 4519 1380 4605 qni
1403 4519 1472 4586 vioe
1494 4517 1637 4600 magistri

683 4618 889 4706 fungebatur)
913 4627 944 4686 et
966 4625 1052 4686 illam
1073 4621 1233 4688 flaminem
1257 4626 1319 4706 (ool
1339 4619 1569 4708 proflaminern,
1591 4621 1639 4686 cel

615 4757 618 4764 ·
683 4723 737 4808 qui
759 4723 828 4790 vice
850 4721 988 4789 flaminis
1010 4725 1216 4810 fungebatur)
1239 4727 1320 4792 deae
1335 4725 1416 4791 Diae
1438 4745 1555 4808 agnam
1571 4723 1636 4808 opi·

681 4845 765 4890 mam
788 4826 1003 4914 immolarunt,
1027 4828 1233 4915 perlectoque
1256 4828 1412 4894 sacrificio
1435 4845 1545 4893 omnes
1566 4833 1634 4890 ture

682 4929 808 4994 alvino
831 4929 986 4997 lecerunt:
1016 4933 1131 4999 deinde
1161 4933 1286 4999 coronis
1313 4933 1421 5000 inlatis
1443 4930 1634 5016 signisq(ue)
