3564 5606
690 340 777 396 Index
795 340 904 394 Ramm.

164 518 198 576 ct.
217 517 264 584 343
282 547 315 559 -
344 515 457 589 pactilis
475 527 592 568 rosacea
614 515 648 568 36
666 515 713 578 38,
740 543 774 554 -

164 605 281 671 rosacia,
305 619 387 659 rosea
404 603 452 668 373
474 631 505 641 -
525 601 638 671 spiceae
658 601 774 656 vittatae

162 693 197 748 24
220 694 267 759 253
301 691 365 746 inde
393 690 428 743 ab
456 707 481 744 a.
500 691 532 744 87
560 692 722 744 constanter
748 689 775 741 iu

164 781 236 836 actis
264 783 511 834 commemorantur
535 778 584 842 2tl;
613 775 649 831 ci.
667 777 775 830 vittas

165 868 324 938 spiceam
345 896 375 906 —
396 864 494 920 sutiles
512 866 555 920 38.

128 954 307 1011 coronare
327 953 395 1008 deas
413 953 446 1006 27
466 953 510 1008 34.

128 1041 151 1098 G
160 1043 270 1098 retain
281 1044 355 1099 circo
365 1042 412 1104 37;
423 1045 506 1095 antea
513 1040 658 1096 dicebatur
668 1041 729 1096 cula
736 1041 779 1096 38.

129 1128 256 1186 Culter
273 1131 322 1186 92:
342 1129 430 1186 cultro
450 1128 589 1184 immolare
608 1130 650 1184 94.

1410 335 1472 406 209

859 513 925 566 mam
939 509 1056 568 Domitii
1068 511 1156 580 patris
1169 509 1290 566 Neronis
1308 509 1351 576 62,
1370 541 1403 550 —
1421 525 1471 582 pro

861 601 950 656 salute
970 605 1000 654 et
1017 595 1108 654 reditu
1125 589 1248 655 Neronis
1266 599 1309 656 82.

826 755 945 812 Flatio
977 755 1057 810 terri:
1095 754 1205 827 piacula
1234 753 1269 810 ob
1301 770 1361 810 sam
1398 753 1474 809 iacta

862 843 1021 900 128-130.

829 930 999 1003 Epistula
1021 948 1046 986 v.
1064 931 1231 990 Litterae.

830 1019 963 1091 Fpulas
982 1018 1166 1089 Romaporum
1184 1023 1227 1077 35.

831 1106 977 1178 Epulari
994 1105 1029 1160 ad
1042 1107 1201 1177 magistrum
1216 1109 1248 1164 16
1260 1109 1309 1173 25;
1328 1105 1402 1179 apud
1419 1120 1474 1160 ma-

866 1195 981 1264 gistrum
999 1195 1034 1250 25
1051 1197 1093 1252 26.

129 1267 300 1324 D⁸¹¹¹⁸⁸¹¹⁸
344 1285 434 1341 papa:
481 1269 629 1325 ⁰l⁸l⁰li¹¹m
669 1270 704 1324 Ab
747 1284 781 1324 0⁰
833 1283 1019 1339 Exercitus
1038 1289 1221 1342 memorantur
1242 1283 1270 1340 in
1288 1283 1360 1338 votis
1379 1281 1476 1337 annuis

170 1357 276 1411 sanctis
290 1357 456 1426 martyribus
470 1357 623 1430 Simplicio,
637 1358 781 1421 Faustino,

865 1372 967 1428 aetatis
987 1374 1153 1444 posterioris
1173 1377 1232 1430 103.

169 1443 287 1499 Viatrici
326 1445 448 1500 dicatum
485 1444 513 1499 in
546 1444 608 1501 luco
639 1443 780 1502 Arvalium
831 1459 950 1514 [cmm
978 1459 1093 1516 reddare
1112 1467 1190 1519 0312„
1208 1465 1256 1530 23,
1284 1463 1423 1519 aulicocta
1442 1463 1476 1516 92

168 1530 241 1586 xvl
259 1531 352 1588 XVII.

130 1617 205 1672 Des
222 1619 293 1685 Dia,
312 1637 410 1675 numen
423 1619 561 1676 Arvalium
574 1619 712 1692 proprium
731 1621 779 1677 tx.

168 1707 264 1761 eadem
284 1708 341 1762 iore
361 1713 444 1780 atqua
464 1708 550 1764 Ceres
562 1709 611 1774 483
632 1738 662 1747 -
683 1707 718 1761 de
736 1724 780 1762 sa-

168 1810 216 1850 cro
235 1795 295 1850 sius
308 1813 398 1852 annuo
410 1797 512 1864 3-48;
533 1826 563 1835 -
583 1795 737 1850 immolatur
755 1795 782 1848 ei

167 1881 203 1935 ob
218 1882 331 1937 comitia
342 1883 576 1950 sacerdotiorum,
595 1881 781 1954 pontificatus,

865 1547 908 1616 94,
926 1548 1091 1619 porciliares
1109 1553 1152 1618 21,
1171 1551 1312 1607 vaccinam
1330 1553 1364 1606 21
1382 1553 1426 1608 23.

832 1704 956 1779 Factio
974 1711 1113 1761 veneta:
1133 1707 1269 1779 piaculum
1290 1708 1317 1762 in
1331 1707 1393 1764 luco
1407 1707 1477 1762 deae

868 1793 938 1847 Diae
966 1792 1002 1848 ob
1022 1809 1155 1862 errorem,
1183 1799 1213 1850 nt
1239 1795 1356 1862 videtur,
1383 1794 1418 1848 ab
1446 1809 1480 1848 ea

869 1879 1044 1934 commissum
1065 1883 1124 1938 140.

167 1969 343 2039 pontificatus
361 1969 471 2026 maximi
491 1971 538 2025 73:
561 1999 591 2010 -
611 1975 675 2025 vota
693 1985 783 2024 annua
833 1966 982 2022 Familia
1001 1973 1029 2022 et
1048 1969 1166 2026 officium
1186 1971 1328 2027 Arvalium
1346 1971 1388 2026 28.

167 2074 217 2129 pro
230 2057 321 2112 salute
336 2059 511 2129 imperatoris
526 2075 576 2130 per
588 2058 781 2130 exceptionem

170 2147 252 2200 etiam
263 2145 332 2200 deae
344 2146 414 2200 Diae
429 2146 560 2210 laota98;
577 2175 608 2186 —
624 2145 779 2200 immolatur

170 2235 196 2289 oi
216 2235 251 2289 ob
265 2233 489 2306 piaculanraiora
502 2234 560 2289 143,
586 2234 627 2290 (ll.
647 2249 776 2288 sacrum

170 2337 321 2377 annuum.

131 2409 355 2467 Deceanalia
372 2426 397 2462 v.
416 2413 503 2463 vota.

132 2499 283 2554 Deierrs
306 2495 415 2549 videtur
438 2495 493 2550 diei
518 2513 567 2568 pro
592 2497 731 2568 referendo
754 2500 783 2550 io

174 2583 380 2640 acsa151168.

134 2677 161 2730 D
174 2670 338 2749 eisrnnda
356 2671 384 2724 in
396 2669 459 2724 luco
472 2671 615 2726 Arvalium
629 2673 705 2727 culta
718 2673 783 2738 1473

176 2761 211 2817 ci.
230 2756 423 2814 Adolsnda.

135 2848 304 2917 Derigere
324 2845 476 2900 diciturne
495 2845 597 2902 litteris
616 2847 650 2903 ad
666 2847 784 2920 aliquem

172 2937 267 2992 missis
286 2934 328 2988 34.

136 3021 381 3080 Descidsrunt
411 3019 502 3075 lucum
529 3023 577 3088 27;
610 3023 683 3079 idern
711 3024 785 3096 qnod

173 3111 366 3166 descenderunt
383 3109 425 3162 32.

137 3196 361 3256 Descindere
380 3210 489 3251 carmen
508 3199 551 3254 26.

138 3285 354 3343 Desnltorss
378 3285 412 3338 36
430 3285 472 3338 37.

139 3375 292 3430 Detecta
318 3371 424 3426 nelarie
451 3373 568 3427 consilia
601 3373 650 3428 On.
674 3373 787 3430 Lentuli

177 3459 317 3518 Gaetulici
345 3459 391 3526 773
422 3491 452 3500 -
485 3460 593 3515 scelera
622 3459 788 3516 nefariorum

177 3549 220 3614 (L.
240 3549 356 3602 Antonii
377 3547 527 3614 Saturnini)
547 3549 589 3603 80.

140 3635 380 3702 Danaeius·
402 3635 477 3690 sive
497 3635 642 3702 dea144;
664 3667 693 3675 -
715 3638 788 3692 sive

180 3723 261 3777 deus
290 3724 367 3778 sive
387 3721 466 3788 dee,
493 3722 528 3776 iu
556 3725 656 3779 cuins
674 3727 790 3781 tutela

177 3811 233 3868 hio
252 3811 350 3866 lucus
369 3810 512 3866 locusve
532 3815 586 3864 est
604 3811 663 3869 146.

143 3899 235 3955 Deus
255 3901 373 3953 certus
393 3899 450 3955 147.

143 3987 273 4042 Dicere
293 4000 402 4041 carmen
420 3987 463 4046 27.

145 4075 224 4130 Divi
243 4088 355 4127 numero
371 4073 451 4142 XVI,
466 4107 495 4116 -
517 4075 572 4132 XX
592 4079 656 4145 148;
675 4107 705 4118 -
726 4094 790 4132 eun·

178 4167 315 4218 merantur
333 4161 385 4216 148
403 4163 462 4220 149.

144 4251 269 4306 Divina
293 4249 391 4306 domus
419 4252 530 4322 quando
552 4254 666 4325 primum
695 4251 793 4306 domus

180 4337 607 4409 Augustaappellatasit123;
629 4371 659 4381 -
683 4340 711 4394 in
731 4355 791 4411 pro·

180 4425 290 4481 catione
310 4426 499 4497 cooptationis
518 4429 576 4484 154.

144 4513 289 4569 Divinae
311 4513 444 4585 princeps
463 4513 562 4570 dicitur
580 4515 713 4572 Claudias
732 4516 792 4571 122.

146 4601 351 4656 Divisiones
378 4603 488 4674 panium
516 4607 545 4658 et
570 4605 627 4660 vini
655 4605 683 4659 in
706 4603 791 4660 colle·

181 4689 234 4760 giis
252 4689 294 4746 35.

147 4777 310 4832 Diuorum
330 4775 415 4832 aedes
434 4779 462 4832 in
481 4777 591 4834 Palatio
611 4781 653 4834 11.

147 4865 271 4920 Domus
295 4865 493 4920 Domitiana
522 4867 550 4920 in
581 4883 662 4923 sacra
686 4869 731 4923 via
759 4868 794 4922 62

181 4954 228 5006 82:
257 4952 412 5008 immolatur
439 4961 503 5010 ante
531 4971 591 5010 earn
625 4956 660 5010 ob
693 4970 793 5008 memo·

198 5067 302 5111 uuam.
321 5068 386 5110 AG'F.

833 2059 961 2114 Famuli
982 2059 1047 2128 (non
1068 2057 1204 2126 Famulae)
1224 2059 1351 2114 coluntur
1369 2059 1397 2112 ia
1416 2056 1479 2112 luco

868 2147 1009 2202 Arvalium
1028 2148 1086 2201 145.

833 2235 929 2290 Fasti
943 2235 1121 2306 collegiorum
1133 2235 1301 2290 inmarmore
1315 2233 1419 2290 exarati
1431 2233 1480 2288 IX.

834 2323 1060 2378 Fecunditas:
1080 2339 1134 2378 non
1152 2327 1271 2390 constat,
1290 2327 1378 2377 utrum
1392 2323 1427 2386 ei,
1446 2337 1481 2376 au

869 2411 1012 2466 Felicitati
1030 2411 1197 2466 immolatum
1219 2412 1256 2466 sit
1280 2410 1316 2465 ob
1335 2409 1481 2464 adventum

869 2497 999 2566 Neronia,
1019 2501 1179 2571 Poppaeae,
1199 2497 1331 2554 Claudiae
1350 2498 1392 2551 85.

835 2585 977 2642 Felicia
996 2587 1092 2640 dicunt
1106 2586 1225 2640 Arvales
1244 2585 1318 2640 sacri
1337 2583 1419 2638 annui
1437 2582 1482 2637 die

870 2673 957 2744 primo
972 2675 1061 2741 1317,
1082 2705 1111 2712 -
1133 2672 1178 2726 die
1198 2671 1320 2727 secundo
1339 2671 1373 2726 27
1392 2672 1434 2734 39,
1448 2699 1481 2712 -

871 2759 915 2814 dis
940 2762 1023 2817 tertio
1046 2762 1093 2827 453
1120 2790 1149 2800 -
1180 2764 1247 2832 post
1276 2758 1482 2830 cooptationem

870 2849 1005 2920 principis
1025 2850 1092 2914 156;
1112 2881 1144 2890 -
1167 2853 1232 2902 sunt
1250 2847 1329 2918 ipsae
1348 2844 1483 2900 acclama·

870 2937 961 2990 dones
983 2954 1033 3008 pro
1052 2937 1139 2992 salute
1159 2935 1352 3007 imperatorum
1370 2934 1413 2987 45.

835 3021 1029 3080 Felicitas:
1049 3024 1205 3080 immolatur
1224 3022 1249 3075 ei
1269 3021 1305 3076 ob
1319 3020 1483 3092 appellatio·

870 3125 932 3164 nem
955 3113 1043 3182 patris
1068 3112 1174 3184 patriae
1199 3108 1316 3166 Claudio
1345 3107 1484 3162 decretam

871 3198 918 3264 73,
939 3229 970 3239 -
984 3217 1034 3271 pro
1047 3201 1136 3255 salute
1156 3201 1185 3252 et
1196 3196 1287 3252 reditu
1300 3194 1422 3250 Neronis
1441 3193 1484 3258 84,

874 3316 901 3324 ·-
925 3285 960 3340 ob
975 3287 1119 3342 adventum
1134 3287 1202 3352 eius,
1221 3285 1383 3355 Poppaeae,
1403 3283 1484 3340 Olau-

874 3371 937 3428 diae
961 3375 994 3439 (il
1021 3377 1064 3440 85,
1093 3405 1124 3414 -
1154 3374 1190 3428 ob
1222 3372 1442 3444 supplicationes
1469 3385 1486 3423 a

873 3467 973 3516 senatu
992 3461 1120 3517 decretas
1138 3464 1200 3528 illd,
1221 3489 1252 3500 -
1282 3460 1317 3514 ob
1343 3457 1485 3531 imperium

875 3547 985 3603 Vitellii
1007 3550 1049 3616 72,
1069 3579 1100 3590 ·-
1125 3567 1176 3622 pro
1202 3550 1293 3605 salute
1316 3553 1345 3603 ot
1367 3545 1486 3601 adventu

877 3636 987 3691 Vitellii
1000 3638 1032 3705 (t)
1047 3640 1105 3692 121.
1120 3669 1150 3678 -
1165 3637 1319 3709 publica:
1333 3633 1488 3690 immolatur

876 3723 902 3776 ei
921 3723 957 3776 ob
976 3723 1118 3796 imperium
1131 3723 1253 3781 Neronis
1272 3725 1404 3780 7172.-
1423 3722 1486 3775 Au-

877 3817 980 3879 gusta
998 3813 1057 3866 168.

841 3897 998 3966 Ferctis,
1017 3898 1119 3954 tertis
1137 3897 1206 3955 liunt
1223 3899 1335 3970 piacula
1353 3899 1413 3954 135.

841 3987 995 4042 Feronia
1011 3987 1045 4041 27
1063 3989 1106 4043 35.

842 4075 984 4130 Ferrum
1011 4076 1035 4130 si
1063 4075 1089 4129 in
1113 4075 1202 4130 lunum
1230 4081 1291 4130 erat
1308 4070 1488 4136 inferendum,

878 4161 989 4234 piaculo
1014 4177 1084 4233 opus
1104 4167 1164 4216 erat
1180 4163 1228 4224 22;
1247 4191 1279 4201 -
1304 4161 1376 4215 terro
1395 4159 1435 4213 uti
1455 4175 1489 4212 ax

878 4250 933 4304 ritu
960 4252 1071 4304 vetusto
1104 4266 1157 4304 non
1184 4249 1265 4303 licuit
1291 4251 1342 4303 126
1369 4250 1428 4303 132.
1456 4275 1489 4287 -

879 4337 997 4393 Piacula
1007 4337 1042 4392 ob
1056 4335 1120 4391 lerri
1134 4337 1292 4391 inlationem
1303 4341 1332 4390 et
1342 4336 1490 4390 elationem

878 4427 1026 4480 128-135.

843 4513 945 4570 Festi
973 4515 1096 4580 (ψῆσιοιι
1125 4511 1203 4568 locas
1224 4511 1275 4566 init
1297 4511 1356 4582 agri
1374 4511 1490 4565 Romani

877 4602 950 4657 inter
962 4602 1084 4672 quintum
1097 4605 1126 4656 et
1139 4605 1246 4655 sextum
1257 4599 1386 4672 lapidem,
1396 4601 1424 4654 in
1438 4615 1492 4671 quo

878 4689 983 4744 fiebant
1002 4689 1181 4744 Ambarvalia
1196 4689 1239 4746 47.

843 4779 952 4834 Ficus
980 4778 1007 4831 in
1027 4778 1140 4846 fastigio
1164 4777 1241 4832 aedis
1266 4777 1334 4832 dsae
1353 4777 1424 4832 Diae
1451 4774 1491 4830 in·

879 4871 943 4919 nata
961 4867 1020 4932 141,
1040 4865 1074 4922 ci.
1095 4866 1153 4922 142.

845 4953 984 5008 Flamen
1011 4955 1122 5010 iratrnm
1143 4950 1285 5009 Arvalium
1309 4969 1343 5009 er
1362 4955 1492 5011 Saturna-

1257 5041 1295 5106 15
