3644 5592
424 1299 482 1395 Tl.
514 1293 720 1394 CAESAR
748 1293 857 1390 DIVI
888 1294 929 1386 F.
958 1289 1245 1387 AUGUSTUS.

203 1575 286 1656 qnod
309 1574 340 1635 Τ.
364 1571 525 1648 Quinctius
549 1571 709 1650 Crispinus
738 1573 801 1632 Va-

203 1679 341 1739 lerianus
364 1677 539 1755 muytister)
561 1678 695 1755 fratrum
717 1675 826 1737 Arcu-

201 1778 279 1842 linm
303 1775 345 1842 ad
366 1779 512 1858 fratrae)
536 1779 696 1852 Arcades)
719 1779 844 1848 rettulit,
866 1775 985 1838 Sullam

200 1881 338 1946 Felicem
358 1881 509 1961 flaminem
529 1881 693 1960 (caldum)
718 1881 907 1954 Ar·uut(iurn)
925 1885 972 1953 t.)

201 1984 256 2066 qui
279 1985 456 2048 valetudiue
478 1984 640 2064 impeditus
662 1992 749 2054 esset,
773 1984 835 2046 ed-

201 2107 358 2152 essenon
379 2108 471 2168 posse
493 2088 535 2149 ud
555 2105 650 2149 sacru
671 2087 796 2164 [ueien-

203 2190 246 2254 da
267 2189 345 2254 deae
368 2189 447 2254 Diae
468 2191 543 2254 XVI
563 2190 661 2251 Xllll
682 2189 761 2251 Xlll
782 2189 961 2264 luctentur)
985 2189 1136 2262 Iun(ics),

202 2293 235 2358 in
259 2293 327 2356 eius
350 2292 450 2357 locum
474 2339 895 2356 ..............

202 2416 263 2460 nus
286 2396 431 2478 suffectus
454 2405 507 2458 est.
526 2394 548 2478 ¹)

160 2499 333 2564 adfuerunt
356 2500 386 2562 T.
410 2499 572 2574 Quinctius
594 2499 757 2576 Crispinus
785 2497 789 2506 ‘

203 2600 395 2665 Valerianus
416 2603 602 2680 massines),
626 2604 747 2664 Drusus

109 2731 134 2768 m
203 2705 323 2770 Caesar
348 2703 391 2766 Ti.
413 2705 437 2785 s.
458 2733 460 2736 ·
461 2748 915 2768 ...............

203 2809 255 2874 ani
270 2807 294 2890 ¹)
319 2855 616 2872 ..........
639 2809 679 2870 Μ.
709 2809 849 2871 Valerius

202 2910 403 2976 Messaltinus
426 2959 943 2976 .................

204 3061 627 3078 ..............
651 3017 690 3077 Μ.
715 3017 871 3082 Caecilius

166 3145 306 3154 ffl-

230 3201 391 3270 Pagiuae2
413 3202 502 3256 minus
521 3209 598 3258 certa
615 3209 680 3257 sunt
698 3205 809 3276 supple·
862 3204 1004 3258 Arvalium
1030 3203 1141 3274 reperti,
1166 3203 1266 3272 quibus
1291 3201 1401 3255 suffecti
1427 3217 1508 3254 aceu-

160 3293 261 3343 menta.
312 3288 447 3343 Consules
484 3289 637 3346 Mamercus
673 3293 810 3347 Aemilius
863 3297 921 3346 rate
946 3293 1107 3358 signantur,
1134 3307 1206 3344 anno
1230 3291 1264 3344 20
1289 3289 1379 3342 nullos
1404 3287 1508 3343 adscri-
1561 3292 1566 3305 '

161 3375 283 3432 Scaurus
307 3382 336 3430 et
361 3377 409 3432 Cn.
435 3376 600 3430 Tremellius
626 3381 678 3444 (vv.
704 3382 745 3435 16.
766 3381 810 3448 17)
863 3379 932 3432 bunt
950 3378 996 3445 (ci.
1016 3377 1105 3431 Ratae.
1126 3395 1151 3448 p.
1171 3379 1219 3440 993
1239 3377 1274 3430 cl.
1293 3395 1318 3447 p.
1337 3375 1390 3444 96),
1410 3376 1511 3430 Restat

162 3481 326 3534 quamquam
347 3465 387 3518 ita
405 3465 475 3518 satis
500 3464 583 3534 longo
602 3466 747 3521 intervallo
765 3484 809 3521 se·
863 3485 887 3521 a.
906 3469 954 3532 21,
980 3484 1034 3536 quo
1056 3466 1147 3520 fasces
1168 3464 1322 3518 ordinarios
1342 3463 1385 3516 Ti.
1406 3465 1509 3516 Gaesa-

162 3558 294 3622 parantnr
319 3569 336 3606 a
358 3552 459 3622 prioris
489 3553 608 3623 paginae
639 3553 810 3618 consulibus,
863 3572 918 3610 rem
944 3557 1099 3622 Augustum
1123 3554 1181 3607 1111
1211 3557 1240 3605 et
1262 3553 1380 3606 Drusum
1406 3553 1509 3606 Dassa-

162 3638 338 3692 nihilominus
364 3638 474 3693 idoneis
499 3642 668 3709 argumentis
688 3641 810 3711 Borghe·
863 3661 920 3699 rens
939 3647 964 3696 11
983 3659 1033 3713 per
1051 3646 1109 3695 tres
1127 3645 1233 3694 tanturn
1255 3656 1364 3693 menses
1383 3639 1509 3707 gessisse

162 3727 220 3781 sius
243 3729 315 3779 Anu.
340 3729 403 3780 inst.
428 3731 502 3781 uret.
529 3731 596 3786 1855
615 3732 675 3800 p·8
699 3729 809 3784 demon·
863 3731 1035 3800 Borghesius
1064 3727 1160 3781 docuit
1192 3729 1224 3794 (l.
1254 3745 1292 3790 c.;
1331 3729 1365 3780 el.
1397 3729 1511 3781 Sueten.

161 3815 261 3870 stravit
284 3829 334 3868 ees
358 3817 449 3868 lasees
469 3818 593 3884 gessisse
618 3833 642 3869 a.
666 3834 692 3888 p.
713 3817 743 3872 O.
767 3819 810 3872 21.
867 3822 922 3876 Tib.
942 3821 997 3884 26).

161 3903 282 3956 Primum
308 3919 342 3954 ex
366 3901 447 3955 lastis
473 3903 627 3958 Antiatinis
647 3905 727 3969 (0.1,
747 3904 812 3960 L.1
936 3910 955 3974 ¹)
975 3907 1050 3959 val
1090 3905 1115 3958 7.
1141 3901 1243 3957 Sullam
1268 3902 1408 3966 Felicem,
1431 3919 1512 3972 quem

161 4007 187 4060 ρ.
207 3989 270 4056 475)
291 4005 343 4042 non
363 3995 427 4042 aute
447 4007 471 4045 a.
492 3993 525 4046 19
544 3990 674 4046 Scaurum
696 3997 724 4045 et
742 3991 809 4044 Tra·
864 4013 917 4067 ego
946 3993 1081 4049 flaminem
1109 3989 1217 4044 conieci
1245 3989 1346 4054 fuisse,
1378 3991 1512 4044 liminius

160 4076 281 4130 mettium
308 4075 402 4131 fasces
427 4078 551 4146 gessisse
571 4085 691 4134 constat.
728 4081 810 4132 Auno
864 4083 1022 4152 magistrum
1043 4079 1118 4142 lecit,
1138 4084 1167 4131 ut
1186 4079 1213 4131 in
1233 4077 1394 4130 eiuslocum
1409 4079 1510 4146 Quinc-

161 4181 243 4236 porro
262 4165 297 4218 22
316 4163 470 4218 consularis
489 4183 505 4219 a
524 4166 624 4220 'l‘aeitu
649 4171 721 4232 (aun.
735 4168 809 4230 eust
863 4171 919 4224 tius
933 4167 1078 4236 Crispinus
1094 4166 1260 4220 Valerianus
1279 4165 1446 4218 substitutus
1466 4164 1511 4219 sit.

163 4255 285 4305 Scaurus
305 4250 412 4304 dicitnr.
450 4253 517 4307 Fuit
541 4255 624 4321 igitur
649 4254 745 4308 consul
764 4259 812 4308 aut
864 4260 904 4311 At
932 4254 1005 4326 (ruod
1035 4259 1116 4307 vacat
1148 4255 1268 4324 spatium
1298 4269 1323 4305 v.
1347 4255 1364 4307 6
1393 4251 1510 4316 litteras,

161 4355 234 4393 anno
254 4341 287 4394 19
306 4345 354 4392 aut
371 4341 406 4395 20
424 4345 473 4394 aut
486 4343 528 4394 21.
566 4341 694 4395 Exclusit
712 4357 810 4396 annum
864 4361 935 4416 quae
955 4344 994 4396 ita
1013 4341 1202 4394 restituendae
1221 4346 1328 4394 essent:
1352 4343 1381 4391 in
1400 4343 1456 4392 sias
1475 4340 1510 4392 lu-

163 4431 196 4482 19
210 4425 391 4494 Borghesius‚
411 4429 477 4498 quia
495 4447 519 4484 v.
540 4430 573 4483 10
587 4427 691 4483 caesar
710 4430 811 4485 dicitur
864 4435 932 4500 {cuns
963 4427 991 4484 T.
1019 4431 1153 4492 Quinctium
1177 4431 1314 4495 crispinus
1343 4427 1510 4494 Valerinluue

162 4516 234 4568 inter
257 4512 377 4568 Arvales
401 4515 540 4570 adfuisse:
573 4516 621 4570 illo
645 4517 716 4570 enim
739 4535 810 4572 anno
864 4531 1035 4590 nequaquam
1049 4531 1150 4587 cupere
1164 4517 1312 4570 ostendunt
1325 4533 1366 4570 vv.
1379 4517 1405 4570 8.
1417 4517 1456 4570 19.
1468 4517 1511 4570 27.

162 4609 217 4656 tam
237 4599 367 4656 Tiberius
387 4603 492 4670 Caesar
518 4619 598 4673 quum
619 4603 724 4658 Caesar
741 4607 810 4660 Dru·
934 4603 955 4672 ⁹)
975 4603 1083 4657 litteras
1097 4601 1167 4656 ANl
1182 4604 1360 4671 iragnreutum
1381 4619 1445 4656 esse
1464 4619 1510 4655 no·

162 4706 209 4744 sus
240 4695 320 4744 extra
344 4689 452 4744 Italiam
477 4691 625 4760 degebant.
668 4693 751 4746 Anno
776 4697 811 4750 20
863 4693 945 4746 ruinis
964 4691 996 4745 L.
1017 4689 1115 4744 Canini
1135 4690 1209 4745 Galli
1229 4690 1361 4744 Marinius
1380 4691 1509 4755 coniecit,

162 4777 306 4831 Valerium
326 4778 515 4834 Messallinuur
535 4783 565 4832 et
582 4778 723 4832 Aurelium
743 4781 809 4835 (tut-
862 4783 909 4834 vix
937 4784 1027 4842 recte,
1056 4795 1116 4832 cum
1149 4778 1216 4832 nihil
1247 4777 1374 4832 videatur
1402 4778 1510 4850 perisse

162 4869 217 4919 tam
228 4881 279 4937 per
288 4865 423 4935 integrum
434 4883 532 4920 annum
543 4867 688 4921 consulatu
698 4867 809 4922 muetos
863 4869 942 4923 initio
961 4881 1097 4922 versuum.

163 4969 226 5010 esse
251 4952 316 5006 inde
339 4953 495 5021 didicimus,
514 4955 588 5026 quod
607 4955 673 5010 lasti
698 4955 726 5009 in
746 4955 808 5012 luco
