3574 5592
79 1649 137 1722 Ill.
188 1647 470 1725 SACRIFICIA
502 1645 875 1724 ANNIVERSARIA
908 1651 1073 1726 FACTA
1108 1651 1171 1726 OB
1206 1650 1432 1726 NATALES

132 1767 482 1859 AUGUSTORUM,
510 1767 858 1856 AUGUSTARUM,
887 1769 1162 1844 PRINCIPUM
1187 1771 1357 1846 DOMUS

173 1885 457 1978 AUGUSTAE3
484 1887 604 1960 ITEM
633 1886 696 1962 OB
724 1887 1059 1964 ADOPTIONEM
1086 1887 1314 1964 NERONIS.

556 2137 948 2151 μμ--ι--ιι-ι-ιι

143 2290 271 2352 Natales
286 2294 498 2368 Augustorum,
521 2295 733 2367 Augustarum,
753 2289 918 2368 principum
934 2292 1037 2353 domus
1053 2255 1210 2369 Angdstae
1225 2293 1253 2352 in
1269 2301 1336 2353 eata
1351 2313 1427 2370 qnae

75 2394 229 2463 supersunt
248 2386 334 2446 relati
356 2392 424 2446 snut
444 2385 487 2445 hi:

544 2686 573 2732 a.
618 2667 710 2735 DIVI
733 2668 932 2734 AUGUSTI.

73 2855 185 2936 [35138
198 2852 395 2922 eanvult
415 2855 511 2922 VHII
533 2855 720 2942 klalendas)
744 2854 938 2939 Octobr(es).

433 2959 513 3024 VIII
534 2958 723 3044 klalendas)
747 2956 936 3043 Octobrles).

141 3075 282 3135 Natalem
304 3075 363 3134 diri
383 3077 514 3152 Augusti
535 3076 672 3136 annuitis
694 3077 875 3136 celebratum
896 3094 963 3136 esse
984 3076 1075 3136 biduo
1096 3081 1244 3136 testantur
1265 3075 1423 3136 Suetonius

71 3171 150 3246 (eloy.
166 3168 233 3246 57).
254 3174 353 3245 equites
373 3170 494 3228 Rotnani
511 3172 630 3228 natatem
652 3175 707 3228 eius
728 3171 809 3228 biduo
830 3189 936 3247 seraper
956 3171 1139 3242 celebrarat,-
1164 3177 1194 3230 eb
1212 3171 1315 3231 tibulus
1337 3169 1424 3231 Grul.

70 3263 131 3336 228,
147 3267 213 3323 8:
225 3263 276 3323 Or.
291 3265 360 3322 686:
392 3267 532 3324 aediculas
551 3273 696 3323 eldaldus
715 3265 765 3321 boa
784 3265 899 3322 bostiam
919 3267 1085 3324 dedicationi
1105 3269 1229 3322 uictimae
1248 3268 1337 3323 natali
1353 3269 1424 3342 Auq.

75 3357 215 3416 ΓκΙΙΙΙε
224 3357 333 3416 Octobr.
361 3359 433 3415 duae
456 3378 572 3436 quoep
593 3379 625 3434 p.
646 3359 776 3416 lomolori
801 3359 928 3415 adsuetae
956 3367 1030 3430 serat,
1057 3360 1096 3414 od
1120 3376 1200 3415 arom
1224 3377 1294 3434 quoe
1322 3364 1427 3418 antuini

71 3453 188 3526 Aequora
210 3451 298 3509 dedic.
319 3462 356 3510 est
383 3453 486 3512 VIIII
502 3464 526 3510 et
552 3452 679 3510 tritt.
702 3449 812 3508 Octobr.
832 3453 1011 3520 inmoleotar3
1031 3452 1068 3510 el
1089 3451 1275 3528 Mariuinsp.
1291 3453 1337 3510 81.
1369 3457 1425 3512 Ar-

69 3543 147 3603 vales
170 3561 290 3621 qnoque
311 3545 403 3606 biduo
424 3546 611 3607 sacrificasse
634 3543 743 3602 docent
763 3549 831 3603 aeta
854 3542 961 3604 Claud.
978 3546 1027 3620 D,
1042 3545 1148 3622 quibus
1169 3562 1286 3604 sacrum
1307 3553 1426 3605 notatur

68 3643 231 3714 utrumqne,
252 3656 348 3716 neque
369 3639 485 3698 ridetur
506 3638 635 3698 dubitari
656 3654 756 3714 posse,
778 3637 848 3714 quin
863 3639 948 3696 annis
963 3655 1081 3716 quoque
1102 3641 1139 3698 35
1161 3645 1191 3698 et
1210 3640 1247 3697 38
1268 3639 1359 3699 biduo
1373 3641 1424 3699 lm-

69 3732 206 3791 molatnm
228 3733 274 3791 sit.
317 3731 405 3806 Quod
427 3733 452 3792 si
479 3749 578 3790 verum
607 3736 667 3805 est,
695 3747 771 3789 anuo
797 3733 834 3790 38
855 3739 934 3792 uerte
960 3731 1033 3791 ordo
1059 3733 1268 3792 sacrificiorum
1289 3733 1424 3794 diversus

67 3824 119 3883 luit
138 3827 177 3884 ab
198 3842 243 3900 eo,
264 3843 324 3902 qno
344 3833 443 3886 aetate
466 3825 588 3885 Claudii
607 3825 736 3885 Arvales
757 3827 928 3886 utebantur:
949 3827 1066 3886 namin
1087 3827 1162 3885 uotis
1186 3823 1335 3888 ClandD
1357 3836 1424 3886 ante

69 3917 142 3978 diem
164 3917 249 3978 VIII
269 3917 415 3980 kalendas
441 3919 589 3980 Oetobres
614 3919 644 3978 in
673 3919 804 3995 Palatia
825 3920 842 3978 i.
864 3937 887 3980 e.
909 3921 938 3979 in
965 3919 1074 3997 templo
1100 3938 1177 3979 novo
1203 3919 1263 3978 diri
1293 3922 1425 3996 Augusti

69 4011 239 4072 sacerdotes
261 4011 399 4072 dicuntur
417 4015 597 4088 immolasse,
619 4013 666 4072 dle
686 4019 784 4073 antem
805 4013 992 4072 antecedenti
1006 4015 1035 4074 ln
1051 4013 1216 4090 Capitoli03
1238 4032 1253 4074 e
1276 4015 1423 4074 contrario

67 4121 141 4165 anno
161 4107 200 4165 38
221 4124 336 4166 sacrum
357 4108 386 4166 in
414 4108 524 4184 templo
549 4125 625 4166 novo
652 4115 719 4167 ante
748 4107 823 4166 diem
851 4107 953 4166 VIIII
974 4107 1120 4169 kalendas
1142 4107 1289 4168 Octobres
1311 4109 1421 4167 laetum

67 4207 120 4274 est,
140 4206 184 4275 nt,
206 4201 231 4260 si
253 4200 308 4260 hue
330 4218 448 4278 qnoque
469 4219 546 4260 anno
566 4201 658 4261 biduo
672 4202 852 4261 Immolatnm
873 4210 928 4276 est,
948 4203 977 4262 in
995 4202 1148 4279 Capitolio
1163 4208 1231 4262 ante
1246 4201 1322 4262 diem
1338 4202 1421 4260 VIll

68 4291 171 4353 iratres
194 4293 434 4354 sacrificaverint.
476 4293 524 4354 Ol.
553 4295 631 4354 inlra
655 4295 692 4354 de
718 4295 786 4354 loeo
807 4303 837 4355 ot
856 4296 971 4355 ratione
992 4296 1077 4356 huius
1099 4295 1244 4356 sacrificii.
1276 4331 1312 4340 -
1342 4294 1423 4354 Nota

67 4391 134 4460 post
154 4391 284 4448 aetatem
305 4388 423 4450 Claudii
443 4389 573 4449 natalem
594 4389 653 4449 diri
674 4389 805 4465 Augusti
827 4389 953 4449 desiisse
975 4390 1128 4450 celebrari.

322 4667 352 4732 b.
396 4666 556 4751 IULIAE,
580 4665 745 4734 POSTEA
767 4669 901 4734 DIVAE
926 4669 1166 4736 AUGUSTAE.

70 4851 118 4932 [tr
142 4853 194 4934 38]
419 4854 533 4939 lambe)
556 4853 668 4938 dliem)
691 4854 741 4920 III
763 4853 953 4939 klalendas)
976 4853 1209 4933 Februartias)]
1227 4856 1260 4938 ¹).

419 4959 438 5025 ¹)
458 4975 562 5012 oacrum
581 4957 617 5010 ob
638 4957 756 5011 natalem
776 4957 856 5010 dirae
877 4956 1023 5023 Augustae
1043 4957 1147 5008 uidetur
1165 4959 1320 5026 inscriptum
1331 4959 1421 5025 suiset

333 5045 341 5062 ²
467 5030 496 5083 ia
508 5031 574 5082 erotis
589 5027 682 5084 Claud.
698 5030 737 5094 A„
749 5045 858 5098 quorum
869 5029 895 5079 in
907 5030 966 5096 fine
977 5028 1061 5082 aulam
1076 5027 1181 5078 uerbum
1200 5027 1284 5082 Febr.
1294 5039 1421 5097 rapam.
