3644 5592
315 519 404 585 VIII.
448 518 689 587 SAGRIFICIA
712 519 1036 588 ANNIVRRSARIA
1059 519 1192 584 VARIA
1196 565 1380 581 ......

456 621 628 679 Sacrificium
647 623 683 677 ad
701 639 775 678 nram
796 625 889 679 Pacis.

541 741 551 750 ·
646 717 711 766 aute
730 713 904 767 simulacrum
925 710 981 766 divi
1001 710 1130 778 Augusti,

540 829 549 838 -
645 799 680 852 ad
700 815 774 853 auem
793 797 993 854 Providentiae
1013 799 1170 866 Augustae.

455 885 608 940 Desierunt
625 885 684 940 lieri
704 887 755 940 aab
776 886 892 943 Claudio
912 886 956 940 vel
974 883 1096 940 Nerone.

303 1132 408 1198 VIIII.
446 1134 687 1204 SACRIFIOIA
704 1138 759 1205 OB
775 1138 938 1206 CAUSAS
953 1135 1222 1205 SINGULARES
1238 1135 1384 1201 RXTRA

449 1237 645 1305 ORDINRM
668 1241 725 1306 AB
748 1241 992 1308 ARVALIBUS
1014 1241 1156 1308 FACTA
1159 1285 1382 1300 .......

453 1341 596 1396 sacrificia
606 1343 681 1397 lecta
694 1345 730 1398 ob
742 1343 852 1399 detecta
863 1345 969 1398 nefarie
979 1345 1099 1399 consilia
1109 1343 1221 1398 Lentuli
1232 1343 1380 1398 Gaetulici.

638 1461 648 1472 ·
694 1449 745 1504 pro
759 1434 849 1487 salute
859 1433 981 1488 Neronia
995 1437 1059 1503 post
1072 1430 1187 1485 caedem
1197 1431 1379 1502 Angppinae.

637 1549 647 1559 ·
694 1521 730 1573 ob
749 1523 894 1574 adveutum
914 1519 1036 1574 Neronia
1055 1523 1121 1591 poet
1139 1525 1231 1573 natam
1251 1535 1286 1572 ex
1305 1519 1381 1589 Pop-

697 1623 769 1679 paea
786 1607 877 1663 filiam.

636 1726 646 1735 -
692 1695 728 1748 ob
747 1695 852 1749 laurum
872 1695 994 1750 NerouIe
1014 1701 1043 1749 et
1062 1693 1282 1764 supplicationes
1302 1709 1318 1746 a
1336 1709 1380 1746 ee-

679 1787 763 1837 ‘natu
783 1784 922 1846 decretae.

637 1900 647 1909 -
694 1871 729 1924 ob
749 1870 929 1943 adoptionem
948 1869 1063 1924 Pieonie
1082 1867 1230 1922 LIciniani.

636 1988 645 1998 ·
692 1959 728 2012 ob
748 1957 853 2014 Inurum
873 1961 908 2012 ab
928 1959 1039 2015 Othone
1059 1957 1189 2028 positam.

637 2076 646 2085 -
694 2046 730 2100 ob
744 2046 817 2101 diem
831 2064 886 2117 quo
899 2048 994 2102 urbem
1008 2047 1151 2114 iugreeeua
1165 2049 1211 2099 eet
1224 2045 1378 2116 Vespasia-

695 2135 788 2201 uue(l)

636 2251 646 2260 ·
694 2221 730 2274 ob
749 2237 824 2276 nram
845 2221 1002 2276 dedicatam
1021 2238 1072 2292 pro
1095 2220 1257 2290 magleterio
1277 2219 1307 2276 G.
1327 2219 1378 2274 Iuli

697 2310 793 2364 Silani.

636 2428 646 2438 ·
693 2399 729 2452 ob
749 2397 862 2454 detecta
880 2399 990 2452 scelera
1008 2397 1179 2452 nefariorum.

638 2517 647 2527 ·
693 2487 729 2542 ob
752 2487 855 2540 bellum
881 2486 1030 2541 Suebicum
1056 2491 1085 2540 et
1109 2483 1305 2548 Sarmaticum,
1334 2489 1379 2538 aut

694 2575 827 2629 Dacicum
849 2575 998 2630 Domitiani

634 2693 644 2703 ·
692 2663 728 2717 ob
748 2662 883 2716 laetitiam
902 2662 1049 2734 publicam,
1070 2677 1108 2716 ec.
1129 2661 1163 2715 ob
1184 2660 1311 2714 devictos
1330 2664 1378 2712 aut

696 2750 808 2805 Suebos
828 2750 1027 2813 nesciuntne,
1047 2754 1093 2802 aut
1113 2750 1215 2804 Dacos.

638 2867 648 2878 ·
694 2837 730 2891 ob
750 2837 899 2892 adveutum
919 2836 1062 2891 HadrIani.

636 2955 646 2965 -
693 2924 729 2979 ob
753 2925 909 2993 iogreeeum
928 2923 1066 2978 Auioqui
1085 2923 1181 2978 Severi
1202 2921 1214 2974 l'
1237 2937 1288 2992 per
1309 2921 1379 2975 Ilmi·

695 3017 750 3067 tem
770 3013 888 3067 Raetiae
907 3012 934 3065 in
954 3011 1132 3066 barbarorum
1150 3017 1248 3062 terrae.

636 3130 645 3140 -
692 3099 728 3152 ob
748 3097 874 3153 eiusdem
892 3100 1034 3154 victoriam
1055 3098 1256 3152 Germanicam.

636 3217 644 3226 -
691 3185 764 3256 quod
776 3201 810 3240 ex
823 3186 959 3254 naufragii
973 3183 1096 3256 periculo
1107 3188 1234 3240 servatus
1247 3184 1285 3240 alt
1297 3183 1379 3240 idem.

452 3357 528 3412 Acta
546 3356 744 3412 sacrificiorum
764 3375 819 3428 quo
838 3357 921 3413 modo
940 3361 1078 3429 concepta
1100 3358 1157 3411 aiut
1158 3395 1378 3410 .......

494 3447 519 3500 1.
557 3461 645 3499 annue
665 3449 694 3499 et
713 3444 783 3499 diae.

492 3532 517 3586 2.
554 3532 643 3588 locue.

493 3622 518 3674 3.
556 3635 696 3674 sacrorum
716 3621 796 3676 ratio.

491 3707 516 3762 4.
553 3711 727 3777 praeacutae.

451 3879 492 3932 De
513 3879 666 3948 fingmento
685 3883 808 3934 actorum
827 3883 890 3934 euni
912 3883 960 3944 69,
980 3880 1054 3951 quod
1076 3885 1165 3934 utrum
1184 3881 1219 3934 ed
1239 3881 1379 3936 sacrificia
1484 3959 1487 3962 Ι

499 3983 534 4020 eu
553 3965 589 4021 ad
609 3973 675 4021 vota
693 3967 730 4021 eit
748 3966 921 4022 referendum
942 3985 995 4022 non
1008 3969 1186 4039 perspicitur.
1224 4005 1229 4018 .
1259 4011 1265 4024 .
1296 4009 1301 4020 .
1329 4011 1335 4024 .

452 4053 495 4107 De
515 4053 728 4108 consecratione
747 4053 891 4108 Matidiae.

291 4290 487 4358 RVOIA
510 4294 539 4359 A
562 4293 801 4360 FRATRIBUS
824 4293 1067 4361 ARVALIBUS
1087 4294 1379 4363 OONORPTA.

378 4393 742 4564 ἱὲἓέὸΑΕὲΤΝἷΠΑ
771 4396 852 4462 PRO
882 4396 1050 4462 SALUTE
1072 4399 1384 4467 IMPERATORUM

460 4602 483 4655 l.
521 4617 609 4656 annue
628 4607 658 4657 et
676 4601 746 4658 dies.

523 4689 591 4744 Iliee
605 4693 730 4762 tempore
744 4692 939 4762 antiquissimo
954 4691 1005 4746 luit
1018 4691 1089 4747 aliue
1103 4697 1186 4764 atque
1201 4697 1295 4748 aetate
1315 4708 1379 4763 poe-

522 4777 633 4832 teilone.

460 4949 477 5003 2
522 4864 584 4932 Quo
604 4863 649 4919 die
669 4867 789 4922 solutum
810 4867 848 4921 eit
866 4869 958 4920 votum
978 4864 1049 4920 deae
1071 4867 1141 4921 Diae
1161 4871 1333 4940 conceptum.

480 4989 485 5001 .
524 4950 610 5007 locus.

1531 4303 1654 4359 aee-126

1531 4509 1654 4566 iae-108
