3592 5598
332 408 374 480 94
468 401 471 410 '
911 408 987 464 Vota
1007 421 1104 460 annua.

331 603 363 642 au
382 583 484 641 illisio
504 598 585 638 orum
605 581 708 652 661616,
727 590 865 638 mactatae
885 581 1043 639 dicebantur
1065 586 1120 640 oct.
1151 581 1193 640 Et
1211 578 1289 639 mola
1308 577 1425 656 quidem
1446 577 1670 656 aspergebantur

331 679 463 736 6116666
484 675 618 734 uictimae
639 683 669 734 61
693 675 750 734 1661
770 682 800 733 61
820 674 905 734 661161
931 673 1023 748 (16.1.
1046 677 1120 748 62,
1143 673 1218 750 133).
1259 673 1376 734 Pariter
1402 679 1501 734 autern
1527 673 1612 732 etiem
1636 671 1670 729 ri·

330 789 398 830 uum
417 769 596 829 fundebatur
616 788 704 846 66666
724 770 883 828 victimam:
911 772 1033 844 quotieas
1057 773 1134 839 enim,
1155 767 1260 828 scribit
1277 768 1356 827 idem
1386 767 1445 844 (od.
1466 768 1537 826 Aeo.
1557 771 1584 842 9,
1602 768 1671 840 641),

329 875 378 924 out
397 875 438 924 166
456 873 504 921 661
523 867 613 922 uinum
631 883 712 940 super
731 867 868 921 victimam
881 864 1061 939 suadebatur,
1081 864 1219 922 direbum:
1250 874 1355 922 6666166
1380 873 1419 922 est
1443 873 1539 922 toruum
1558 861 1672 920 6166661

330 970 402 1019 ture:
422 959 490 1018 item
511 957 615 1019 Cicero
636 959 682 1034 (66
702 961 815 1018 diuinet.
836 961 864 1032 2,
888 961 931 1033 16,
952 957 1000 1032 31)
1019 959 1121 1016 molam
1140 963 1275 1016 6161666
1294 959 1671 1034 intauruminrpersama·

330 1060 435 1128 morat,
456 1070 617 1131 purumque
633 1053 728 1112 tinum
748 1055 825 1112 inter
844 1071 954 1112 cornua
973 1052 1068 1111 lusum
1090 1069 1155 1112 esse
1169 1059 1314 1112 testantur
1330 1050 1455 1111 ¹Ouidius
1478 1047 1674 1128 (11611594)

331 1157 361 1208 61
380 1148 532 1224 Vergilius
558 1148 638 1226 (Aeo.
659 1151 688 1224 4,
708 1151 759 1222 69;
780 1149 808 1224 6,
827 1147 905 1222 244).
946 1146 1028 1206 Nibil
1048 1146 1137 1222 igitur
1167 1147 1277 1220 mirum,
1309 1145 1390 1223 qnod
1419 1163 1478 1207 una
1507 1163 1574 1206 cnm
1605 1144 1675 1203 mola

330 1244 398 1302 vino
418 1245 546 1304 Arvales
567 1261 637 1302 usos
657 1260 723 1302 csse
744 1243 912 1320 accipimus.
941 1241 1051 1302 ·Oultro
1073 1241 1198 1318 denique
1219 1241 1299 1318 quod
1318 1240 1461 1300 immolari
1482 1240 1617 1300 uictimae
1636 1237 1674 1297 di·

330 1345 444 1414 666166,
463 1357 522 1398 666
542 1337 581 1399 66
601 1339 694 1415 ipsum
720 1337 894 1397 sacrificium
923 1334 1106 1396 referendum
1136 1343 1190 1410 est,
1221 1353 1284 1394 cum
1316 1337 1411 1395 securi
1441 1335 1508 1394 illae
1538 1334 1675 1392 malleone

330 1451 491 1510 percussae
520 1437 686 1493 1666166166
715 1431 764 1508 (61.
790 1430 968 1508 Marquardt
992 1430 1011 1488 l.
1039 1447 1064 1487 c.
1080 1432 1103 1488 4
1129 1447 1157 1506 p.
1177 1432 1233 1488 469
1264 1431 1448 1506 plurimaque
1479 1429 1625 1488 sacrificia
1650 1427 1676 1485 in

329 1531 523 1587 monumentis
555 1529 626 1588 artis
657 1531 894 1603 repraesentate;
925 1525 993 1583 item
1013 1525 1087 1582 Aua.
1107 1527 1167 1582 1661.
1194 1525 1268 1582 orclu
1292 1526 1364 1584 1858
1386 1542 1412 1599 p.
1437 1525 1470 1582 13
1492 1525 1601 1601 seqq),
1628 1523 1675 1582 sed

210 1629 212 1634 '
330 1622 369 1680 ad
388 1642 514 1693 summos,
534 1627 566 1682 ut
586 1622 628 1682 ait
647 1620 800 1696 Vergilius
822 1619 902 1695 (Aen.
923 1621 950 1693 6,
971 1618 1048 1694 245),
1069 1620 1159 1676 media
1178 1622 1248 1676 inter
1268 1637 1371 1678 corano
1390 1627 1491 1690 666166,
1516 1635 1595 1696 qnae
1615 1625 1675 1678 ante

329 1716 502 1776 sacrificium
524 1717 722 1793 carpebantur
741 1713 918 1790 ignibusque
940 1714 1032 1772 sacris
1048 1713 1281 1790 imponebantur.
1310 1712 1404 1772 Recte
1424 1719 1520 1771 antem
1541 1711 1675 1771 sacerdos

330 1810 436 1870 dicitnr
455 1811 621 1870 immolasse
642 1827 696 1869 666
716 1811 835 1868 victima
849 1808 950 1868 occisa
961 1808 1056 1884 ipsum
1067 1805 1240 1866 sacrificinm
1251 1807 1427 1884 perfecisse3
1449 1826 1517 1868 nam
1532 1806 1676 1865 immolare

329 1904 493 1965 sacerdotis
511 1911 567 1980 est,
582 1912 710 1964 mactare
733 1904 942 1964 6161166111.-
954 1901 1123 1978 Sequuntur
1138 1901 1255 1960 nomina
1269 1900 1399 1975 deorum,
1420 1903 1527 1978 quibus
1544 1901 1676 1962 uotasol·

329 2007 442 2072 rantur,
455 1999 545 2076 Iovis,
557 2000 688 2073 Iunonis,
700 1999 861 2058 Minervae.
888 1995 1016 2056 Accedit
1028 1993 1116 2056 Salus
1132 1995 1253 2071 publice
1263 1998 1367 2073 populi
1378 1997 1503 2056 Romani
1516 1995 1677 2071 Qniritium,

328 2095 440 2154 661666
448 2093 616 2154 cumillisin
625 2095 844 2171 ipsaareaante
857 2093 959 2152 aedem
971 2091 1052 2150 Iovis
1064 2091 1278 2152 immolabatur.
1299 2090 1336 2150 Id
1346 2093 1448 2150 mirum
1460 2098 1675 2169 estproptereu,

328 2189 417 2266 qnod,
430 2208 495 2249 cum
506 2189 580 2248 diris
596 2189 821 2266 imperatoribus
838 2188 989 2264 intemplo
1002 2185 1060 2244 divi
1073 2185 1201 2260 Augusti
1213 2185 1427 2245 sacrificaretur
1448 2185 1612 2262 (6166166.
1623 2188 1677 2260 69),

328 2285 546 2344 celeberrimum
568 2281 680 2343 Salutis
701 2283 839 2359 templum
861 2283 891 2340 in
913 2281 1057 2356 Quirinali
1078 2279 1116 2338 66
1136 2287 1253 2355 portum
1271 2278 1436 2341 Salutarem
1456 2281 1549 2342 luisse
1574 2283 1676 2342 scimus

328 2379 379 2454 (61.
392 2376 510 2438 Becker
528 2381 646 2456 Topopr.
667 2379 776 2456 6518)
797 2363 831 2437 nt
850 2379 878 2436 iu
899 2395 935 2435 eo
956 2375 1091 2434 videatur
1111 2375 1137 2432 ei
1157 2375 1365 2434 immolandum
1385 2375 1484 2434 luisse.
1518 2375 1677 2451 Qnominus

327 2479 425 2533 tamen
446 2473 671 2549 distinguendas
691 2489 757 2532 esse
785 2481 919 2550 putemus
946 2469 1079 2530 Salutem
1100 2469 1270 2547 simpliciter
1289 2470 1398 2530 dictam
1417 2468 1612 2549 salutemque
1633 2489 1678 2547 pn·

328 2568 435 2628 blicam
457 2569 518 2627 sire
538 2569 687 2645 publicam
716 2567 820 2645 populi
841 2566 968 2626 Romani
990 2564 1154 2640 Qniritium,
1183 2563 1347 2641 impediunt
1376 2569 1510 2626 votorum
1542 2565 1677 2637 carmina,

331 2662 367 2722 de
388 2665 494 2742 quibus
515 2681 583 2722 mox
603 2663 782 2724 uidebimus:
812 2661 842 2721 in
868 2662 902 2721 iis
924 2663 1000 2720 euim
1020 2661 1173 2719 invocatur
1193 2659 1250 2719 666
1270 2657 1358 2721 Salus
1388 2660 1475 2720 modo
1505 2661 1677 2737 cognomine

328 2776 441 2834 carens,
463 2760 551 2818 modo
572 2759 693 2837 publica
722 2759 883 2835 appellata,
910 2755 1013 2815 666116
1033 2772 1240 2831 nonnunquam
1261 2754 1405 2814 mentione
1427 2754 1531 2832 populi
1554 2755 1677 2816 Rotnani

327 2851 490 2926 Qniritium.
513 2855 578 2914 Iam
592 2871 660 2912 vero
672 2871 737 2912 cunt
752 2870 830 2912 anno
842 2855 879 2913 59
893 2871 946 2929 666
958 2852 1053 2912 661616
1065 2857 1095 2910 61
1107 2848 1202 2909 reditu
1210 2847 1339 2908 Neronis
1349 2849 1444 2910 Saluti
1452 2849 1637 2910 immolatum
1647 2851 1680 2908 sit

326 2949 355 3006 in
376 2949 440 3007 loro
454 2953 593 3024 Augusto
613 2949 662 3023 (61.
679 2955 747 3008 6616
761 2948 823 3006 6166
840 2948 910 3007 6661
925 2967 951 3006 r.
963 2948 1000 3006 34
1010 2944 1186 3022 6161182),
1208 2961 1244 3003 66
1264 2949 1363 3004 661616
1379 2946 1519 3023 templum
1531 2947 1679 3024 proprium

328 3043 385 3102 dea
404 3061 462 3102 non
484 3043 598 3102 videtur
617 3043 771 3103 babuisse:
791 3043 822 3102 id
843 3049 940 3102 antem
961 3042 1061 3100 nescio
1076 3057 1113 3098 un
1134 3039 1176 3098 116
1190 3039 1397 3116 explicandum
1418 3039 1466 3112 sit,
1486 3049 1519 3100 61
1543 3041 1680 3118 templum

327 3137 356 3196 in
378 3137 520 3212 Quirinali
541 3138 638 3210 situm,
660 3156 724 3197 cum
746 3139 801 3197 sub
824 3136 953 3197 Claudio
974 3135 1110 3195 incendio
1132 3134 1258 3193 dirutum
1279 3143 1361 3195 66661
1381 3134 1507 3213 (Ρ116166
1532 3156 1559 3194 a.
1582 3137 1608 3193 1.
1638 3137 1680 3206 35,

330 3233 385 3306 19),
408 3249 554 3308 nunqnam
575 3233 740 3291 restitutum
762 3250 828 3292 6666
849 3231 1049 3290 61661666.-
1068 3229 1138 3289 Una
1157 3247 1222 3289 cnm
1243 3230 1406 3288 numinibus
1436 3229 1575 3289 victimae
1608 3246 1680 3288 cont·

327 3335 523 3386 memorantur
542 3327 578 3384 iis
598 3327 775 3400 immolatae,
796 3333 825 3386 61
845 3327 1037 3386 immolabant
1061 3325 1180 3402 quidem
1205 3325 1270 3384 Ioui
1295 3325 1400 3385 bouem
1425 3341 1545 3399 marem,
1572 3323 1681 3383 deabus

327 3419 452 3494 singulis
474 3421 605 3497 singulas
628 3422 720 3480 bores
741 3421 874 3480 laminas.
895 3457 931 3466 -
951 3421 1087 3498 Denique
1113 3429 1175 3479 autu
1200 3419 1337 3478 culicocto
1360 3420 1511 3476 reddidisse
1539 3418 1680 3478 sacerdos

327 3513 441 3573 dicitnr.
481 3515 580 3586 Aulus,
602 3517 704 3577 scribit
726 3518 834 3576 Festus
856 3521 892 3592 (6.
914 3535 940 3575 v.
962 3533 990 3591 p.
1003 3517 1040 3574 23
1062 3513 1194 3588 66111),
1214 3517 1321 3590 antiqui
1340 3514 1466 3571 dicebaut
1484 3531 1555 3588 quoe
1573 3533 1626 3573 nos
1644 3515 1681 3570 di·

327 3611 410 3666 uiotus
429 3609 508 3679 ollas,
528 3613 594 3685 quia
613 3611 718 3668 6611661
738 3611 855 3668 litterum
874 3612 1057 3688 6661666661.
1099 3611 1199 3685 Itaque
1226 3610 1362 3667 culicociu
1381 3607 1413 3683 (l.
1432 3609 1584 3684 6611666111)
1615 3619 1683 3676 ento,

328 3705 446 3778 666616
466 3704 527 3761 ollis
547 3705 738 3781 coquebantur,
758 3705 893 3776 dicebant,
913 3707 944 3762 id
963 3705 1099 3763 66161116.
1141 3704 1216 3763 Item
1237 3701 1334 3761 Varro
1355 3703 1384 3778 (l.
1405 3704 1424 3761 l.
1445 3707 1473 3778 5,
1493 3705 1531 3762 98
1552 3703 1601 3763 ed.
1616 3704 1681 3778 Ml:

326 3800 407 3866 ories,
427 3798 502 3872 6666
520 3817 578 3855 eum
598 3799 724 3856 dicebant
743 3794 821 3876 ἀρὴν
840 3811 949 3871 ueteres,
968 3804 1056 3858 nostri
1075 3803 1183 3874 666166,
1202 3799 1264 3856 tine
1284 3801 1420 3872 66616666.
1440 3797 1507 3856 boec
1530 3809 1595 3857 6661
1618 3820 1683 3876 quo·

325 3911 386 3948 rum
406 3895 674 3968 iasocriflce'iseeto
694 3898 723 3952 t’n
743 3896 930 3964 edanensis
956 3913 1022 3952 666-6
1051 3904 1189 3964 comentur,
1218 3911 1286 3968 quoa
1315 3901 1340 3949 et
1358 3891 1460 3950 Accitur
1482 3895 1577 3951 6661611
1603 3905 1628 3952 et
1658 3899 1683 3950 ia

322 3989 472 4061 6661116116
491 3988 567 4044 libris
586 3989 720 4058 ridentum
741 3995 771 4047 et
790 3987 887 4048 denno
908 3989 939 4064 (l.
960 4007 984 4048 c.
1008 3991 1087 4064 104):
1108 3993 1190 4046 etiam
1204 3991 1380 4064 frumentum,
1401 3988 1475 4062 quod
1493 3989 1534 4044 od
1547 3999 1612 4046 eata
1626 3990 1683 4046 6111·

326 4099 415 4156 eoquo
434 4082 501 4139 solet
520 4083 597 4151 addi,
624 4101 656 4141 66
679 4084 763 4152 tuoto,
787 4084 876 4141 idest
895 4103 926 4142 eu
945 4086 1002 4142 eale
1022 4094 1045 4141 et
1057 4087 1142 4160 farre
1163 4083 1264 4142 molito.
1284 4111 1322 4123 -·
1341 4081 1387 4140 De
1408 4081 1589 4143 caerimonia
1616 4091 1683 4142 extu

326 4173 470 4234 reddendi
491 4176 527 4235 61.
549 4175 696 4236 Marinins
716 4195 745 4253 p.
767 4179 832 4237 683.
873 4176 1021 4238 Sacerdos
1053 4185 1122 4254 post
1149 4177 1295 4236 victimam
1326 4192 1443 4236 caesam
1472 4176 1619 4253 inspectis
1649 4177 1683 4235 ab

326 4267 483 4345 haruspice
515 4270 666 4348 coctisque
695 4271 724 4329 16
757 4271 819 4330 6116
844 4271 1010 4332 'visceribus
1040 4271 1142 4332 borum
1163 4278 1277 4348 partem
1296 4270 1375 4330 leuci
1394 4271 1562 4347 impositam
1584 4289 1622 4332 ac
1642 4279 1683 4331 ter

326 4363 407 4422 circa
428 4381 507 4424 aram
527 4367 691 4424 loculumuc
713 4371 860 4442 portatam
881 4367 929 4442 (61.
953 4367 1065 4428 Statius
1090 4368 1169 4426 Theb.
1188 4369 1219 4438 4,
1240 4367 1309 4442 466)
1330 4364 1398 4424 huic
1418 4365 1568 4426 ministros
1590 4368 1683 4444 impo-

329 4475 396 4518 nere
428 4459 549 4519 iubebat
577 4460 667 4537 idque
699 4461 853 4520 dicebatur
873 4471 934 4520 ecto
953 4465 1076 4532 reddere,
1098 4479 1175 4540 qnae
1196 4467 1258 4521 ture
1280 4459 1386 4520 deinde
1407 4465 1437 4518 61
1456 4460 1535 4519 mola
1555 4461 1681 4540 vinoque

327 4569 454 4629 aspersa
472 4552 502 4612 in
522 4553 661 4614 bonorem
682 4553 802 4614 deornm
823 4558 1036 4618 cremabantur.
1078 4557 1123 4618 Ol.
1142 4555 1261 4618 Servius
1293 4556 1343 4632 qni
1365 4555 1403 4614 66
1424 4573 1541 4614 versum
1556 4556 1683 4633 Vergilii

329 4645 444 4724 (Georp.
465 4648 493 4723 2,
516 4649 582 4724 194)
603 4651 726 4709 lanatus
746 4662 770 4709 et
785 4651 890 4726 poradta
903 4654 1046 4726 fumantia
1065 4653 1203 4710 reddimus
1233 4661 1293 4710 eata
1322 4650 1447 4710 adnutat
1474 4650 1563 4710 baec:
1592 4669 1682 4710 66661·

243 4773 246 4780 *
329 4743 422 4801 dotum
441 4762 503 4801 usus
524 4753 561 4803 est
580 4745 668 4803 cerdo.
689 4747 769 4804 reddi
788 4751 858 4804 enim
877 4747 1035 4804 dicebantur
1055 4757 1127 4816 artu,
1147 4765 1206 4804 cum
1222 4747 1347 4822 probato
1367 4755 1392 4803 et
1411 4745 1483 4804 aaa
1502 4765 1569 4804 orae
1588 4765 1681 4823 66666-

323 4837 514 4913 ponebantur,-
534 4837 628 4916 deqne
648 4838 750 4901 Potito
771 4847 801 4901 et
821 4841 941 4900 Pinario
963 4842 1053 4900 uerba
1073 4841 1185 4900 1661666
1206 4841 1282 4900 hunc
1304 4840 1342 4900 66
1363 4839 1536 4900 sacrificinm
1556 4841 1594 4899 ab
1607 4839 1680 4899 Her·

328 4932 393 4990 cnle
412 4931 576 4994 institutum
598 4934 753 4994 advenisse
774 4941 875 4996 narrat
893 4940 960 4996 eutis
978 4939 1035 4994 ium
1053 4937 1168 4994 redditis
1190 4933 1375 5012 (6114668,
1396 4935 1478 5011 269),
1499 4935 1567 4994 item
1589 4935 1682 4994 schol.

328 5029 369 5084 ud
385 5029 460 5090 Stat.
485 5029 614 5091 Thebaid.
634 5036 662 5109 6,
683 5031 753 5092 6411
779 5040 909 5110 prosecta
940 5033 1064 5090 diotatm
1095 5042 1166 5104 ecto,
1195 5051 1254 5091 cum
1283 5034 1433 5092 1611666161
1456 5035 1575 5107 inspectu
1598 5076 1604 5088 .
1627 5077 1633 5087 .
1655 5053 1682 5100 .,·
