3574 5592
711 303 772 362 dies
791 303 937 364 secundus.
1453 311 1494 378 33

153 479 181 538 in
201 477 356 555 collegium
377 479 508 556 cooptati
528 497 585 538 nou
599 485 693 556 eraut,
715 479 885 542 sacerdotes
900 497 968 540 vero
983 480 1067 554 clusi,
1088 485 1169 541 veste
1185 480 1345 556 succincta,
1367 488 1498 564 acceptis

153 574 275 648 libellis,
300 591 416 634 carmen
442 573 649 636 descindeutes
675 575 819 651 (diceutes
846 577 914 654 219)
940 575 1171 654 tripodaveruot.
1212 575 1387 638 Succinctus
1408 581 1499 642 tradit

152 669 309 745 Dionysius
321 667 596 729 Halicarnassensis
609 667 767 746 (τηβέννας
781 667 1043 747 ἐμπεπορπημένοι
1058 663 1306 748 περιπορφύρους
1321 692 1499 751 ροιννκοπα·

152 758 308 844 ρύφοος2,
321 762 357 822 ld
371 764 407 824 ci.
424 764 563 824 Mariuius
584 784 611 842 p.
626 765 695 843 595)
716 765 841 826 saltasse
861 765 969 828 Salios.
998 769 1097 842 Atque
1118 771 1150 824 ut
1169 764 1273 824 borum
1294 768 1422 827 carmina
1437 771 1497 832 siva

152 865 308 918 eramenta
327 875 363 918 ue
383 859 455 936 ipsis
476 857 593 937 quidem
620 859 824 920 sacerdotibus
851 861 923 920 satis
944 861 1190 936 intellegebantur
1209 857 1345 935 (Quintil.
1363 863 1497 941 1,6,4(1),

151 953 191 1012 ita
211 953 364 1013 Arvalium
384 971 501 1032 quoque
521 971 637 1016 carmen
651 961 774 1032 propter
787 959 962 1016 vetustatem
978 955 1051 1032 ipsis
1066 953 1205 1014 iratribus
1230 954 1386 1014 obscurum
1406 957 1497 1018 fuisse

152 1065 216 1108 cum
238 1065 292 1126 per
312 1066 343 1108 se
363 1049 518 1125 probabile
538 1055 584 1111 est
609 1055 668 1109 tum
695 1066 729 1110 eo
758 1051 943 1110 confirmatur
964 1049 1044 1128 quod
1065 1065 1183 1110 carmen
1205 1065 1263 1107 non
1283 1049 1422 1110 dicebaut
1442 1051 1497 1112 uisi

150 1141 260 1202 libellis
282 1145 429 1221 acceptis,
460 1146 574 1206 scilicet
602 1162 638 1204 ne
667 1145 696 1203 iu
721 1145 874 1206 recitando
901 1150 1033 1204 errarent
1050 1144 1256 1222 piaculumque
1277 1145 1497 1206 committerent.

152 1235 294 1298 Similiter
314 1237 350 1298 de
370 1241 463 1300 sacris
484 1240 589 1301 Isiacis
604 1239 748 1318 Apuleius
771 1241 894 1308 (dietam.
912 1239 1036 1315 11,11).·
1056 1251 1127 1310 tunc,
1147 1239 1249 1315 inquit,
1269 1258 1301 1298 es
1319 1240 1360 1309 iris
1379 1239 1431 1315 (sc.
1447 1245 1497 1298 iai-

152 1336 236 1396 tiotial
258 1353 328 1392 unas
348 1353 426 1411 mrem
445 1343 533 1396 cundi
550 1345 720 1413 mammulae
740 1335 873 1406 dicebant,
890 1355 944 1412 pro
952 1335 1208 1412 foridraosststena,
1221 1337 1499 1412 oodupcetoplvoraae

152 1429 317 1487 ....eelut
345 1433 374 1488 in
399 1435 548 1490 comionern
572 1441 682 1501 uocato,
707 1431 827 1488 indidem
851 1433 885 1488 de
910 1427 1018 1490 medlenti
1041 1437 1165 1507 supparia
1184 1431 1218 1487 de
1243 1431 1328 1502 libro,
1353 1432 1386 1488 de
1404 1432 1499 1490 litteris

148 1523 250 1597 scaete
268 1534 333 1582 eota
350 1527 497 1600 praesume
514 1568 664 1586 .......
678 1529 816 1583 reruntiut
838 1529 894 1584 cet.
934 1525 980 1584 De
1000 1525 1179 1586 carminibus
1206 1529 1335 1582 veterum
1356 1525 1392 1583 ci.
1411 1525 1497 1584 Mari·

152 1617 215 1676 nius
237 1617 279 1694 (p.
291 1620 346 1680 595
359 1621 465 1698 seqq).
482 1654 522 1664 -
541 1621 657 1681 Carmen
670 1620 824 1678 descendere
843 1618 920 1678 idem
939 1619 1006 1678 mibi
1028 1619 1166 1696 probavit
1185 1635 1250 1678 esse
1270 1618 1498 1694 intellegendum

152 1712 316 1783 discindere,
335 1713 353 1773 i.
367 1730 392 1774 e.
413 1712 611 1792 κατοσχΙζειν,
632 1714 741 1775 dictum
762 1720 858 1774 autem
878 1731 943 1774 esse
957 1730 1011 1791 pro
1024 1713 1177 1774 recitando
1198 1725 1227 1773 et
1241 1713 1326 1790 qnasi
1339 1711 1497 1774 dividendo

149 1823 267 1866 carmen
288 1824 325 1866 ex
346 1825 465 1868 numero
486 1812 517 1868 et
536 1808 686 1886 rhythmo,
710 1809 809 1886 itaque
834 1809 1013 1867 descenderam
1039 1826 1148 1866 carmen
1172 1810 1315 1886 tripodare
1334 1806 1411 1866 idem
1431 1825 1497 1867 esse

149 1907 238 1980 atque
260 1921 369 1960 conarere
386 1906 476 1980 scrire
492 1905 562 1981 pede
582 1903 737 1982 (Calpuru.
759 1907 806 1964 ecl.
826 1905 940 1978 4‚1aa;
961 1901 997 1961 ci.
1020 1899 1106 1963 ovid.
1127 1907 1195 1962 trist.
1215 1903 1243 1977 4,
1261 1899 1378 1978 νομοῦ).
1420 1902 1496 1962 Nam

149 1996 228 2074 quod
250 1999 445 2057 Mommaeuus
466 1999 621 2076 proposuit
650 2001 803 2058 descindere
832 2015 891 2056 nou
923 1998 1068 2056 diversum
1098 2014 1163 2056 csse
1190 2013 1208 2058 a
1235 1997 1411 2068 deseidevdo,
1441 1995 1496 2056 hoc

151 2100 248 2152 eutem
260 2093 425 2168 siguificare
435 2112 566 2171 separare
579 2113 607 2153 ee
619 2114 637 2152 a
651 2104 769 2166 enervo,
788 2097 817 2150 in
832 2102 928 2170 partae
944 2097 993 2165 ire,
1013 2098 1045 2152 ut
1060 2092 1185 2152 Arvales
1210 2109 1274 2152 cum
1290 2091 1497 2152 descindeutes

148 2193 298 2260 canerent,
320 2187 438 2247 alteruis
465 2195 495 2248 et
520 2189 605 2266 quasi
633 2187 817 2250 bemicboriis
838 2187 1022 2265 tripodarent
1042 2186 1085 2262 (G.
1101 2189 1125 2246 I.
1141 2187 1178 2245 L.
1196 2189 1209 2244 l
1230 2205 1258 2262 p.
1277 2188 1339 2262 10),
1365 2191 1396 2245 et
1421 2188 1498 2248 salsa

149 2281 252 2340 nititur
270 2282 511 2358 interpretatione
532 2284 669 2344 vocabuli
689 2285 857 2342 deeeiderant
871 2282 929 2342 alio
944 2283 1009 2342 loco
1031 2282 1179 2356 usurpati,
1200 2279 1237 2340 de
1258 2298 1317 2357 qua
1337 2289 1404 2341 autc
1435 2280 1496 2340 dixi

148 2375 187 2451 (p.
198 2373 261 2451 32),
282 2381 312 2434 ct
331 2375 386 2436 boc
406 2379 472 2438 loco
493 2396 609 2438 carmen
630 2377 758 2456 pendere
783 2395 802 2436 a
828 2376 1029 2437 descindeudo
1049 2394 1105 2435 non
1127 2393 1145 2436 a
1164 2374 1341 2448 tripodaudo
1361 2382 1431 2436 acta
1450 2392 1495 2434 os·

149 2469 277 2528 tendunt
291 2471 435 2548 anulare,
456 2474 484 2532 iu
506 2475 611 2552 quibus
626 2491 681 2552 pro
697 2471 793 2532 verbis
814 2491 922 2530 comesa
942 2473 1121 2530 decederes
1142 2479 1209 2531 saut
1228 2473 1495 2540 carmendicwrtea).

230 2563 295 2622 Iam
318 2575 477 2642 sequuntur
497 2571 587 2630 verba
606 2567 742 2627 carminis
762 2565 943 2626 celeberrimi
963 2565 992 2624 iu
1013 2567 1083 2626 solis
1104 2567 1178 2626 actis
1199 2567 1292 2624 atla
1313 2571 1437 2640 servata,
1459 2565 1496 2624 de

148 2658 347 2735 quibuscum
369 2663 624 2737 grammaticorum
649 2663 747 2740 potius
772 2661 961 2736 investigatio
988 2661 1027 2720 sit
1051 2662 1089 2720 ab
1110 2659 1195 2718 huius
1216 2659 1313 2736 operis
1334 2658 1446 2719 ratione
1467 2667 1497 2720 et

149 2753 276 2812 consilio
297 2754 401 2830 alicua,
422 2773 522 2816 eorum
542 2757 633 2818 libros
654 2772 757 2816 moneo
777 2761 808 2814 ut
822 2756 979 2815 cousulant
998 2755 1103 2832 quibus
1128 2753 1179 2812 illa
1193 2752 1291 2812 studia
1304 2752 1398 2828 magis
1412 2753 1495 2813 cordi

150 2850 228 2906 sunt.
260 2845 387 2923 Scripsit
407 2856 504 2910 autem
524 2851 560 2910 da
576 2851 703 2912 carmine
723 2849 875 2910 Arvalium
895 2851 1010 2909 ultimus
1031 2851 1226 2910 llommscuus
1247 2849 1290 2920 (C.
1305 2849 1330 2904 1.
1345 2848 1380 2906 L.
1398 2851 1423 2922 1,
1435 2847 1494 2924 28),

149 2941 230 3018 apud
252 2960 338 3020 quera
359 2945 513 3020 primarios
534 2951 708 3006 memoratos
729 2944 838 3004 videsis
859 2952 994 3005 auctores
1016 2945 1065 3022 qui
1085 2945 1122 3004 dc
1142 2961 1177 3002 eo
1198 2947 1286 3002 antea
1305 2949 1436 3017 egerunt.

228 3035 305 3096 Post
324 3039 549 3115 tripodatiouem
570 3041 655 3116 siguo
676 3039 745 3100 dato
766 3039 940 3099 introierunt
964 3038 1073 3115 publici
1093 3047 1122 3097 et
1142 3037 1256 3098 libellos
1277 3037 1494 3114 receperuut1),

149 3130 326 3190 sacerdotes
349 3151 417 3193 vero
438 3136 515 3210 (uaru
535 3135 589 3194 hos
611 3135 692 3213 ipsos
713 3135 859 3195 indicatos
879 3151 944 3192 esse
965 3150 1000 3190 ex
1021 3133 1056 3191 iis
1072 3121 1153 3210 'quaa
1175 3137 1339 3209 sequuntur
1358 3133 1494 3207 apparet)

149 3232 217 3284 aute
238 3225 354 3287 ianuam
375 3228 448 3288 deae
468 3229 543 3289 Diae
563 3229 617 3305 (sc.
639 3229 734 3306 aedis)
755 3229 954 3304 adstetoruut,
980 3229 1170 3305 acceptisque
1197 3225 1312 3286 coronis
1338 3243 1404 3284 aras
1426 3243 1493 3285 cou-

150 3319 282 3396 tigeruut
303 3327 333 3381 et
353 3322 424 3384 deas
445 3331 628 3384 coronarunt.
669 3325 714 3384 De
734 3325 839 3402 quibus
860 3325 948 3398 rebus
969 3323 1070 3400 paullo
1085 3321 1202 3380 uberius
1218 3319 1425 3396 disputandum
1440 3325 1494 3395 est,

149 3433 215 3474 cum
236 3425 358 3494 proptor
372 3418 462 3478 verba
474 3419 613 3478 nonnulla
625 3419 653 3477 in
668 3420 753 3494 actis,
773 3425 804 3478 ut
818 3417 941 3492 videtur,
961 3415 1171 3495 praetermissa
1184 3421 1276 3474 totum
1288 3420 1379 3490 caput
1392 3432 1494 3491 parum
1527 3427 1532 3440 ·

149 3509 345 3586 intellegatur.
388 3512 423 3570 Iu
445 3513 518 3573 actis
539 3514 616 3572 euim
642 3513 710 3574 euni
730 3515 802 3589 219,
833 3532 908 3590 quae
935 3511 1136 3571 deficientibus
1163 3511 1238 3570 actis
1265 3527 1289 3567 a.
1305 3509 1360 3566 218
1387 3507 1423 3566 de
1450 3508 1494 3568 bis

151 3604 244 3662 sacris
265 3605 329 3664 sola
349 3614 521 3682 supersunt,
541 3607 646 3667 litteris
668 3608 799 3685 quamvis
826 3607 953 3681 detritis,
982 3605 1068 3665 claris
1089 3612 1186 3664 tomen
1208 3621 1242 3662 ac
1263 3603 1378 3661 minime
1399 3602 1494 3662 dubiis

150 3699 263 3775 scripta
282 3685 423 3760 habemus
443 3700 531 3761 haec:
552 3712 577 3762 st
596 3703 747 3778 corona[s]
772 3703 892 3762 derectos
909 3722 959 3780 per
979 3703 1161 3760 cornmdtoate
1179 3698 1303 3774 sinpalor
1322 3698 1496 3772 laseremidas

150 3799 205 3853 cct.
236 3792 319 3867 Quae
341 3813 405 3854 cum
426 3796 506 3855 nullo
527 3796 613 3856 modo
634 3797 818 3874 cohaereant,
840 3797 875 3856 de
896 3797 1020 3856 lectione
1042 3801 1138 3854 autem
1157 3793 1244 3870 plaue
1264 3795 1388 3864 constet,
1409 3799 1494 3852 acute

150 3888 243 3946 verba
262 3889 429 3950 emendarit
449 3898 478 3950 et
497 3892 628 3969 explevit
647 3891 847 3952 Mommsenus
867 3892 971 3952 litteris
992 3889 1031 3948 ad
1050 3905 1095 3948 ma
1114 3887 1192 3947 datis
1212 3885 1357 3961 editisque
1376 3885 1406 3944 iu
1420 3885 1495 3945 libro

150 3999 214 4040 meo
237 3981 273 4041 de
294 3983 471 4046 iussionibus
491 3987 520 4045 iu
541 3987 608 4048 luco
628 3988 780 4048 Arvalium
800 3987 941 4046 institutis
961 3987 1119 4062 (Helorinus
1138 4001 1189 4041 ece.
1211 3999 1238 4058 p.
1254 3982 1300 4054 55,
1314 3979 1353 4056 2).
1383 3979 1418 4038 Iu
1432 3997 1495 4038 ver·

151 4078 196 4138 bis
211 4077 301 4154 igitur
314 4079 521 4156 superstitibus
542 4099 607 4142 eum
629 4082 706 4142 desit
726 4081 938 4143 substantivum
954 4079 1033 4157 quod
1046 4077 1177 4156 pendeat
1191 4095 1209 4135 a
1221 4073 1377 4153 participio
1390 4079 1496 4146 amate,

150 4172 335 4234 intercidisse
357 4173 469 4234 ridetur
498 4178 605 4238 mentio
626 4178 834 4252 ministrorum,
859 4177 920 4234 sive
947 4163 1112 4234 lralatoru'm
1133 4172 1194 4231 sive
1220 4169 1414 4248 publicorum,
1445 4169 1495 4245 qui

152 4266 246 4326 sacris
270 4268 424 4328 Arvalium
449 4279 569 4347 praesto
594 4289 659 4332 esse
690 4271 827 4332 solebant
856 4269 957 4346 (pueri
983 4268 1056 4326 euim
1084 4265 1201 4344 patrimi
1225 4263 1351 4324 matrimi
1374 4265 1404 4322 iu
1425 4263 1494 4322 solis

151 4363 245 4438 epulis
267 4363 473 4441 apparebant).
514 4366 645 4427 Verbum
666 4383 754 4444 porro
774 4365 947 4442 inserentibus
966 4359 1210 4436 coniungendum'
1228 4357 1341 4418 videtur
1360 4375 1425 4416 cum
1445 4374 1494 4414 vo·

152 4458 258 4518 cabulo
279 4476 405 4530 corones,
424 4477 500 4537 quae
522 4459 659 4522 derectae
685 4461 820 4520 dicuutur
845 4475 899 4537 per
918 4453 1242 4531 commientarieusem).
1282 4453 1415 4532 Deripere
1434 4451 1495 4510 sive

225 4776 243 4842 ¹)
263 4775 295 4829 Iu
315 4775 385 4830 actia
404 4777 574 4834 auuiiucerti
589 4777 695 4851 imperii
714 4777 800 4830 Alex·
844 4773 953 4828 maniae
973 4772 1093 4827 omissae
1112 4771 1139 4825 iu
1160 4769 1230 4826 actis
1249 4785 1273 4824 a.
1287 4769 1350 4825 219:
1370 4766 1420 4822 scd
1438 4771 1493 4821 tam

154 4860 231 4916 andri
250 4863 299 4930 (A)
318 4867 384 4934 post
408 4879 517 4920 carmen
536 4882 569 4922 aa
587 4865 802 4938 tripudatiouem
846 4859 1212 4930 exiguaesorumreliquiac
1226 4860 1341 4922 suntet
1359 4853 1425 4909 nihil
1439 4871 1496 4910 ccr-

154 4949 224 5004 alias
242 4948 377 5020 quaedam
394 4953 523 5012 ridentur
545 4953 694 5032 significari
719 4951 806 5010 caeri-
849 4950 906 5010 tius
926 4965 961 5004 ex
978 4948 1014 5006 iis
1033 4947 1171 5004 enucleari
1189 4945 1300 5104 possit3

203 5047 306 5092 arem
324 5048 389 5092 ΔΟΤ.
