3644 5592
773 343 931 399 Exordium.
1470 373 1526 414 xx1
1640 343 1643 352 ’

175 523 209 584 ct
224 517 361 584 sortasse
376 519 409 584 in
425 523 518 604 parte
540 515 610 582 eius
633 515 759 602 declivi,
783 519 933 601 quoniam
957 518 990 583 in
1012 522 1092 587 actis
1107 522 1243 589 Arvales
1266 541 1363 607 saepe
1380 523 1527 587 dicuntur

176 623 279 684 lacurn
308 625 384 684 deae
407 623 487 684 Diae
510 623 686 685 ascendisse
702 621 724 706 ¹)
748 622 798 686 vel
822 625 901 685 ollas
922 643 978 704 per
1000 627 1110 688 clionrn
1132 626 1312 712 sacrasse).
1358 625 1396 690 Id
1423 625 1527 710 ipsum

175 723 303 789 videtur
332 723 518 788 confirmare
541 744 600 789 ara
621 723 759 788 rotunda
781 723 902 808 lapidis
924 726 1080 792 'tiburtini
1103 728 1264 794 bueraniis
1287 735 1401 792 oruata
1423 735 1454 793 et
1476 749 1528 793 cn-

175 828 312 912 carptis,
342 827 374 890 in
403 827 491 891 cuius
520 833 611 911 parte
640 827 805 911 superiore
833 829 990 911 serpentis
1013 827 1116 912 figura
1138 831 1294 912 adsurgit.
1340 833 1419 896 llam
1443 832 1528 896 enim

174 931 306 1010 genium
335 931 397 994 loci
423 936 679 1014 repraesentare,
711 949 800 994 aram
829 936 934 994 antem
961 929 994 993 in
1022 951 1145 997 summo
1169 933 1250 997 colle
1272 941 1430 1018 repertam
1452 935 1527 998 olim

176 1033 211 1096 ia
235 1033 340 1098 medio
356 1035 427 1097 luco
444 1033 582 1118 positam
598 1031 698 1098 luisse
713 1031 921 1116 probabiliter
936 1035 1070 1100 coniecit
1085 1037 1216 1102 Rossius
1231 1035 1265 1121 ³).
1303 1037 1530 1102 Ascendebaut

174 1137 313 1200 Arvales
342 1136 459 1220 lucum,
489 1155 559 1200 curn
583 1123 802 1200 immolassent
824 1133 904 1201 deae
927 1137 1009 1203 Diae
1032 1139 1074 1203 ad
1098 1159 1196 1224 aram,
1222 1159 1305 1224 quae
1328 1140 1528 1204 antelucani

174 1237 291 1302 dicitur
326 1237 424 1304 luisse
444 1239 483 1324 ⁴),
523 1257 657 1322 cumque
691 1238 810 1321 epulati
847 1247 953 1304 essent
981 1241 1013 1304 in
1050 1243 1232 1326 tetrasty103
1268 1243 1342 1306 item
1382 1241 1529 1307 dicuntur

177 1339 384 1408 descendisse
409 1343 513 1407 lucum
528 1341 552 1426 ⁵)
576 1341 626 1408 vel
648 1341 682 1405 in
704 1342 954 1436 tetrastylumff).
999 1345 1112 1428 ltaque
1141 1353 1172 1410 et
1194 1365 1252 1410 ara
1278 1345 1359 1410 deae
1388 1345 1470 1409 Diae
1498 1351 1529 1408 et

175 1445 380 1528 tetrastylum
418 1445 460 1510 ad
494 1444 619 1510 radices
648 1443 739 1508 collis
768 1443 802 1508 in
828 1445 925 1528 plano
953 1446 1015 1510 sita
1042 1445 1178 1512 fuerunt.
1225 1449 1273 1512 Ex
1301 1449 1402 1512 altero
1430 1449 1529 1512 latere

174 1567 300 1612 sacram
323 1547 496 1614 Arvalium
519 1567 628 1612 arcam
650 1547 735 1610 ultra
756 1546 840 1612 viam
864 1546 1025 1630 publicam
1047 1569 1160 1614 versus
1181 1551 1323 1616 Tiberim
1351 1552 1529 1616 excurrisse

174 1655 271 1714 autea
287 1655 331 1733 tp.
346 1651 439 1734 XIX)
456 1651 603 1716 vidimus.
637 1651 685 1714 De
701 1648 855 1714 aedificiis
870 1656 976 1715 autem
992 1655 1157 1718 Arvalium
1173 1653 1405 1737 ruderibnsqne
1421 1673 1529 1718 eorum

178 1753 211 1816 in
236 1771 276 1816 en
291 1773 418 1836 qnoque
442 1754 573 1836 regione
595 1736 818 1837 superstitibus
842 1753 1017 1836 disputavit
1032 1757 1175 1839 Angelus
1200 1757 1413 1839 Pellegrinins
1436 1757 1469 1840 (l.
1488 1753 1528 1838 c.)

261 1856 313 1918 23.
358 1857 652 1922 commemorantur
674 1855 706 1919 in
724 1855 802 1920 actis
818 1855 985 1921 Arvalium
1008 1857 1105 1923 aedes
1122 1859 1202 1926 deae
1217 1861 1307 1946 Diae,
1326 1859 1528 1940 Caesareum,

176 1959 389 2042 tetrastylum,
413 1959 525 2025 circus.
570 1961 611 2024 Et
633 1960 748 2022 circum
771 1957 901 2042 quidem
923 1959 1135 2042 Pellegrinius
1150 1963 1176 2046 ⁷)
1198 1963 1231 2026 in
1254 1963 1350 2027 dorso
1372 1961 1462 2026 collis
1484 1960 1528 2024 ibi

175 2063 272 2126 sitnm
302 2061 401 2126 fuisse
429 2071 533 2147 putat,
564 2063 617 2127 ubi
641 2062 837 2127 occidentem
865 2083 977 2128 versus
1005 2063 1100 2128 vinea
1129 2064 1392 2132 Ceccarclliornm
1415 2063 1529 2129 vineae

176 2165 367 2232 llolinoriae
401 2167 552 2248 contigua
585 2174 647 2250 est;
682 2186 746 2250 qua
776 2173 868 2251 parte
895 2166 1003 2250 plnres
1034 2165 1151 2231 abhinc
1179 2189 1280 2233 annos
1313 2167 1428 2232 detecti
1456 2171 1530 2230 suut

175 2269 257 2334 muri
291 2269 441 2353 pilaeque
474 2270 548 2334 circi
576 2269 904 2334 crincamerationibns
933 2277 1024 2353 apta3
1061 2290 1156 2354 quam
1191 2271 1373 2356 opinionem
1407 2289 1466 2332 nos
1496 2267 1529 2330 iu

175 2371 283 2437 medio
306 2372 527 2454 relinquimus.
573 2372 700 2438 Similes
723 2371 805 2436 muri
821 2376 931 2435 nostra
945 2391 1073 2454 qunque
1089 2393 1188 2457 opera
1203 2373 1314 2438 effossi
1329 2379 1410 2456 sunt,
1426 2391 1530 2454 neque

176 2481 284 2538 tamen
313 2475 395 2559 scio,
419 2495 494 2540 num
517 2475 559 2540 ad
582 2475 666 2540 idem
690 2474 869 2540 aedificium
892 2472 1053 2538 referendi
1076 2475 1149 2540 sint.
1193 2478 1408 2560 Tetrastylum
1431 2475 1463 2538 in
1491 2493 1531 2537 ea

175 2585 280 2662 parte,
310 2599 393 2661 quae
422 2585 510 2644 trans
538 2579 623 2644 viam
650 2585 712 2661 est,
743 2579 775 2640 in
799 2577 894 2642 vinea
917 2577 1070 2660 Stephani
1094 2579 1280 2645 Oeccarellii
1310 2579 1405 2643 situm
1430 2575 1531 2641 luisse

176 2681 261 2746 idem
285 2683 392 2766 posuit
406 2683 441 2768 ⁸),
466 2683 603 2747 sortasse
626 2689 725 2764 recte3
749 2680 896 2764 quamvis
920 2678 960 2743 do
982 2679 1148 2746 ruderibus
1169 2683 1233 2746 illis
1254 2681 1432 2747 accuratius
1452 2699 1531 2744 nuu-

177 2805 275 2868 quam
297 2785 475 2869 exploratis
497 2793 617 2851 certum
640 2791 780 2868 nequeat
795 2783 947 2847 iudicium
963 2781 1041 2847 lieri.
1074 2784 1289 2850 Mommsenns
1311 2803 1414 2868 nuper
1436 2789 1530 2848 tetra·
1606 2826 1608 2837 .

176 2887 296 2971 stylum
320 2908 383 2952 non
405 2889 567 2954 diversum
589 2887 689 2952 luisse
711 2887 892 2970 suspicatus
915 2891 964 2950 est
985 2885 1179 2952 aCaesaroo
1196 2887 1318 2954 aedeve
1334 2886 1485 2952 Caesarei
1495 2885 1530 2969 ⁹),

177 2991 269 3056 cuius
298 3011 371 3054 raro
405 2991 438 3055 in
467 2992 547 3056 actis
576 2990 693 3054 mentio
722 2989 765 3054 fit.
810 2989 995 3054 Immolatur
1018 2990 1102 3054 eninr
1134 3001 1205 3054 onte
1228 2993 1413 3054 Caesaream
1436 2989 1531 3071 genio

177 3094 384 3177 imperatoris
408 3101 439 3160 et
461 3093 555 3178 divis,
578 3092 613 3157 id
635 3099 683 3157 est
697 3092 944 3176 imperatoribus
961 3090 1119 3157 defunctis
1142 3099 1174 3157 et
1201 3095 1395 3158 consecratis
1412 3092 1460 3176 ¹⁰),
1489 3091 1533 3154 di·

177 3199 227 3262 vis
259 3197 356 3278 igitur
386 3195 420 3260 id
442 3199 595 3281 templum
618 3202 755 3279 apparet
777 3215 902 3260 sacrum
926 3193 1035 3259 luisse.
1081 3196 1117 3258 ln
1148 3197 1229 3263 actis
1252 3203 1359 3262 autem
1382 3216 1412 3260 a.
1438 3197 1476 3260 81
1495 3195 1532 3278 ¹¹)

177 3301 316 3381 legimus
345 3301 439 3365 baec:
473 3303 545 3364 inde
575 3322 642 3364 cam
673 3304 706 3362 in
738 3301 844 3362 aedem
873 3301 1020 3362 Caesarei
1050 3301 1273 3376 consedissent,
1303 3309 1332 3362 et
1362 3321 1402 3362 ea
1430 3303 1534 3362 socri-

177 3407 248 3484 ficr'o
285 3413 466 3485 pastorum:
507 3407 580 3467 inde
618 3405 661 3467 ad
696 3412 875 3465 summotum
919 3405 952 3464 in
995 3403 1072 3465 aede
1107 3407 1264 3484 sacrificio
1301 3405 1388 3485 [octo
1423 3407 1534 3465 immo-

179 3510 255 3570 laoit
294 3509 370 3570 deae
408 3509 489 3570 Dine
525 3527 637 3588 aquam
675 3509 823 3586 opimam,
863 3526 921 3588 qno
955 3509 1112 3585 sacrificio
1143 3517 1272 3588 peracto
1310 3511 1343 3569 in
1381 3508 1534 3570 Caesareo

178 3613 296 3692 epulati
326 3621 420 3674 sant..
462 3611 551 3688 Quae
580 3609 680 3675 verba
714 3609 780 3673 lere
808 3605 1003 3692 respondent
1028 3607 1068 3671 iis
1097 3628 1179 3690 qnae
1213 3609 1246 3672 in
1275 3609 1431 3694 omnibus
1452 3607 1533 3671 actis

179 3713 411 3796 posterioribus
437 3713 470 3776 in
497 3712 664 3794 tetrastylo
688 3711 824 3776 Arvales
853 3711 966 3776 fecisse
990 3709 1154 3794 dicuutur,
1185 3716 1219 3774 ut
1247 3711 1400 3794 scripturn
1429 3711 1534 3775 estin

198 3821 252 3828 ..n——
260 3821 444 3828 *ss-—a—
452 3819 1060 3828 mm
1274 3819 1315 3825 -—
1325 3819 1531 3826 ....—.-.-—

251 3857 270 3919 ¹)
289 3853 404 3906 velutin
418 3853 489 3906 actis
503 3854 574 3906 sacri
591 3853 739 3904 deaeDiae
753 3851 829 3906 aar.
951 3851 971 3920 Ι)
992 3852 1111 3903 velutin
1132 3851 1203 3903 actis
1229 3865 1253 3904 a.
1275 3852 1327 3904 919
1353 3851 1386 3903 sd
1413 3850 1534 3902 tabulam

179 3943 221 3996 89.
235 3943 276 3996 90,
295 3943 352 3995 105.
364 3942 423 3995 117.
436 3943 494 3996 118.
506 3943 564 3994 ino.
577 3942 634 3994 155.
647 3941 830 3996 retentaret.
886 3955 909 3991 a.
929 3941 965 3994 90
983 3937 1130 3991 adiunctis.

250 4029 270 4099 ¹)
290 4029 320 4082 cl
345 4037 409 4082 acta
428 4030 500 4082 sacri
519 4025 643 4080 eiusdem
668 4044 692 4081 a.
710 4029 762 4081 219
782 4027 830 4078 de·
955 4027 975 4091 ¹)
996 4026 1031 4079 cl.
1045 4043 1075 4088 a.
1094 4027 1137 4081 81.
1157 4029 1198 4082 89.
1220 4027 1263 4081 90.

181 4118 288 4187 scripto
307 4117 333 4170 iu
353 4115 521 4170 tabulaanni
535 4117 576 4170 90.
602 4115 633 4168 ln
652 4115 723 4168 actis
742 4131 758 4168 a
779 4116 832 4168 als
955 4115 975 4183 ⁷)
997 4113 1013 4169 l.
1032 4129 1057 4166 c.
1076 4129 1102 4182 p.
1117 4115 1141 4168 8.
1220 4181 1223 4190 .

182 4205 315 4258 liminius
335 4203 443 4274 quidem
464 4204 578 4258 exbibet
598 4203 761 4275 iocllaeranr,
782 4203 832 4255 sed
956 4202 977 4272 ¹)
998 4201 1032 4256 cl.
1052 4207 1144 4255 antea.

182 4293 381 4346 allorumseno
395 4293 515 4346 monitus
530 4291 555 4344 in
569 4289 663 4361 lapids
677 4294 747 4346 satis
758 4291 831 4346 clare
955 4293 976 4360 ¹)
998 4292 1162 4344 Grenrbotsn
1182 4291 1251 4344 1870
1270 4305 1294 4359 ρ,
1311 4290 1360 4343 161
1380 4296 1435 4341 not.

181 4381 331 4450 recognovi
352 4380 542 4450 inscripserant.
958 4381 991 4446 ¹⁰)
1011 4377 1045 4434 cl.
1065 4383 1129 4432 acta
1148 4395 1172 4434 a.
1192 4381 1243 4433 183
1263 4381 1298 4448 lp.
1314 4377 1335 4441 Ι,
1354 4376 1474 4438 90-24ς
1500 4376 1536 4438 11,

252 4469 272 4536 ³)
300 4468 330 4522 cl
362 4469 431 4522 Ball.
457 4470 530 4521 areli.
556 4471 630 4520 crist.
652 4469 720 4523 1868
744 4483 771 4536 p.
789 4466 834 4520 27.
887 4471 901 4522 1
941 4466 1158 4534 1013118924.

184 4557 275 4610 (lenio
289 4557 342 4609 loci
355 4553 660 4610 Arvalsssocrilicasse
673 4561 738 4607 scta
749 4554 834 4621 sigui·
959 4557 989 4620 ¹¹)
1009 4572 1051 4608 vv.
1071 4557 1104 4609 13
1119 4571 1212 4623 seqq:
1237 4551 1403 4604 Caesareum
1430 4549 1538 4605 videtur

188 4643 271 4698 boant
290 4645 354 4697 anni
373 4645 425 4699 183
444 4643 480 4714 (2,
493 4645 518 4698 3.
535 4647 587 4712 19),
607 4643 654 4696 ubi
668 4643 768 4711 legitur
781 4644 835 4694 siae
889 4645 1223 4697 etiamcomnremoratnm
1235 4640 1322 4693 luisse
1339 4639 1443 4692 innotis
1457 4639 1537 4691 Dom.

186 4735 233 4787 deo
252 4737 307 4786 sine
325 4733 397 4796 deae,
417 4735 446 4784 in
465 4735 538 4786 enias
556 4731 777 4786 instantaneus
796 4730 836 4780 la·
889 4735 930 4796 A;
955 4732 991 4786 cl,
1015 4738 1080 4784 acta
1103 4729 1159 4782 diei
1184 4727 1299 4781 secundi
1327 4725 1458 4780 sacrificii
1484 4727 1537 4777 Ar.

187 4837 263 4874 rasos
282 4832 329 4872 ese.
367 4819 427 4872 Ara
450 4819 564 4890 depicta
589 4825 632 4874 est
651 4819 678 4872 iu
697 4820 837 4873 Relazr'one
889 4819 998 4874 valiam.

187 4915 239 4965 cet.
258 4907 315 4961 tab.
338 4907 373 4971 V,
392 4909 418 4964 5.

256 4999 277 5072 ¹)
297 4997 332 5054 ct.
343 4995 835 5053 acladieisecaudisacridsacDiae.
