3644 5592
765 303 926 358 Exordium·
1468 323 1527 366 xm

160 495 251 558 quac
273 475 428 540 indicatio
451 474 589 538 auctoris
612 473 687 538 lieet
710 473 907 538 fallacissimi
931 475 1141 540 nihilominus
1157 496 1267 560 prore
1295 475 1524 540 dubitationem

161 599 299 661 prorsus
321 597 385 642 non
409 576 555 640 admittit.
600 577 712 657 ltaque
736 576 831 640 vinea
848 577 1046 641 Gallettiana
1068 599 1132 642 non
1155 585 1219 641 tam
1238 577 1285 641 ad
1308 577 1393 641 viam
1418 579 1526 641 Portu-

161 699 274 744 ensem
309 680 371 744 luit
398 699 492 762 quam
522 678 564 742 ad
598 679 809 762 Campanam,
838 698 907 742 cunr
938 679 997 742 hac
1019 680 1126 763 potius
1154 679 1207 743 via
1236 679 1277 742 sit
1310 678 1399 741 loeus
1432 679 1528 742 hodio

161 801 294 865 quoque
322 781 425 845 dietus
455 781 560 862 opopa
586 781 713 855 torino,
741 786 773 843 et
795 780 867 863 ipsa
889 787 938 844 est
960 780 1056 844 hodie
1080 779 1357 862 Cerearelliorum,
1381 781 1528 861 quamvis

163 883 287 947 frustra
309 903 382 948 mea
404 901 503 946 eausa
524 881 557 945 in
579 880 740 944 tabulario
763 883 991 946 canonicorum
1014 883 1046 946 S.
1062 881 1185 946 Mariae
1201 883 1234 945 in
1250 882 1394 964 vialata,
1411 882 1528 946 vineae

162 983 425 1048 Cerearellianae
447 984 657 1065 dominorum,
680 981 720 1046 de
744 1003 782 1048 ea
805 1005 839 1047 rc
863 983 1064 1066 inquisiverit
1079 985 1288 1048 Reverendus
1305 984 1355 1048 vir
1370 983 1527 1047 Henrieus

163 1084 303 1150 Fabiani
339 1086 408 1149 eius
436 1086 593 1150 eeclesiae
621 1086 804 1150 canonicus.
854 1087 971 1150 Errorc
1000 1087 1155 1150 Blendius
1178 1084 1200 1168 1)
1234 1106 1349 1166 agrum
1383 1085 1526 1149 Gallettii

164 1187 294 1250 vineam
325 1187 424 1251 fuisse
451 1187 579 1270 scripsit
606 1207 691 1270 eam,
721 1209 804 1270 quae
831 1209 914 1252 nuno
944 1195 992 1252 est
1022 1188 1147 1270 collegii
1176 1187 1369 1270 Britannici,
1399 1192 1527 1250 secutus

162 1288 368 1354 narrationes
397 1291 582 1353 colonorum
613 1290 681 1354 eius
716 1290 776 1352 loci
816 1291 978 1354 hominurn
1013 1290 1141 1354 rudium
1169 1309 1339 1370 rerumque
1367 1289 1524 1352 avitarum

164 1392 263 1474 plane
285 1393 475 1455 nesciorum.
521 1391 633 1472 Neque
655 1391 739 1455 enim
762 1391 796 1454 iu
819 1393 915 1455 vinea
937 1393 1065 1473 collegii
1082 1391 1259 1455 Britannici
1276 1391 1342 1454 ulla
1357 1395 1528 1474 supersunt

165 1491 384 1556 aedificiorum
417 1493 620 1574 antiquorum
655 1493 788 1576 rudera,
819 1494 908 1558 verrius
932 1494 977 1556 rei
1002 1494 1168 1558 certiorem
1199 1513 1250 1556 mo
1279 1493 1354 1558 feeit
1381 1493 1526 1573 Angelus

167 1597 392 1678 Pellegrinins,
416 1613 585 1678 possessor
608 1603 638 1659 et
660 1596 729 1680 ipse
746 1595 859 1660 vineae
875 1595 1039 1660 cuiusdam
1057 1597 1127 1660 eius
1149 1595 1290 1676 regionis
1313 1615 1527 1676 agrorumque

164 1699 343 1762 vicinorum
372 1703 589 1780 perscrutator
618 1697 896 1778 diligentissimus;
930 1705 961 1761 et
987 1697 1060 1780 ipsa
1088 1699 1185 1762 vinea
1211 1697 1309 1760 villae
1342 1695 1525 1776 hlaglianae

166 1800 320 1881 contigua
337 1800 465 1881 longius
482 1801 523 1864 ah
539 1800 618 1864 urhe
634 1799 741 1881 distat,
761 1819 854 1881 quam
873 1799 1056 1863 testirrronia
1077 1805 1174 1862 autea
1191 1799 1293 1862 relata
1309 1798 1481 1862 admittunt
1490 1796 1523 1879 ¹).

163 1901 258 1978 Quod
289 1909 394 1966 autem
425 1901 521 1966 hodie
549 1902 646 1965 vinea
673 1901 939 1965 Cecrarellioruru
968 1901 1030 1964 sita
1058 1907 1105 1964 est
1130 1901 1240 1984 paullo
1268 1901 1352 1963 ultra
1379 1899 1522 1986 quintum

162 2002 303 2086 lapidem
328 2010 419 2068 extra
441 2011 564 2088 portam
589 2005 810 2084 l'ortueusem,
841 2023 911 2067 eum
935 2002 977 2066 ad
1000 2009 1148 2084 quartum
1172 2003 1313 2086 lapidem
1337 2009 1429 2066 extra
1452 2019 1525 2064 ean·

162 2103 236 2168 dem
264 2111 390 2187 portam
418 2125 532 2186 agrurn
557 2106 785 2170 Gallettianum
815 2103 971 2168 collocent
994 2104 1155 2169 Manutius
1178 2111 1209 2169 et
1232 2111 1342 2168 auctor
1366 2103 1525 2184 diagram-

161 2207 258 2270 matis
282 2207 466 2288 Florentiui‚
493 2207 525 2271 id
549 2207 624 2271 inde
647 2207 833 2290 explicatur,
857 2207 942 2289 quod
966 2205 1130 2288 usquead
1155 2212 1292 2270 aetatem
1309 2205 1432 2268 Urbani
1449 2205 1526 2268 l'Ill

163 2309 326 2392 pontilicis
350 2317 444 2393 porta
460 2309 646 2374 Portuensis
662 2327 725 2372 non
743 2309 802 2374 suit
818 2331 857 2376 eo
873 2329 935 2391 quo
953 2329 1035 2372 nune
1052 2315 1100 2372 est
1115 2309 1194 2392 loeo,
1219 2307 1275 2372 sed
1293 2315 1384 2372 entra
1400 2306 1526 2370 moenia

162 2411 305 2475 recentia
328 2411 360 2474 iu
384 2413 454 2476 loeo
479 2412 589 2496 paullo
612 2411 740 2492 longius
763 2411 903 2476 distante
925 2411 967 2474 ah
990 2412 1078 2492 urhe,
1103 2411 1153 2474 eni
1176 2431 1293 2474 nomen
1317 2410 1454 2473 indihrm
1478 2416 1526 2472 est

163 2517 196 2575 lo
217 2515 377 2593 brrsnloro,
401 2535 501 2598 prope
523 2513 692 2578 stationem
716 2534 810 2595 quam
832 2533 889 2597 pro
914 2519 1058 2596 tompore
1082 2512 1286 2577 instituerunt
1308 2512 1380 2576 viae
1401 2513 1526 2575 ferreae.

163 2615 400 2679 Centumcellas
424 2615 568 2679 ducentis
585 2617 618 2698 ³).

253 2719 301 2782 lt.
346 2717 408 2780 Per
441 2718 514 2800 plus
542 2725 666 2782 centum
696 2739 799 2783 annos
832 2719 872 2782 de
899 2718 992 2781 novis
1022 2716 1189 2780 Arvalium
1224 2717 1411 2798 fragmentis
1445 2715 1525 2780 nihil

163 2825 359 2902 compertum
384 2825 441 2900 est,
467 2818 568 2883 donec
590 2841 675 2884 anuo
703 2823 783 2886 loon
806 2821 848 2884 ad
871 2827 1017 2902 quartum
1040 2817 1181 2902 lapidem
1206 2818 1279 2882 viae
1299 2837 1394 2899 quam
1416 2817 1526 2882 dieunt

164 2920 350 2984 Portuensis
395 2919 479 2985 duae
507 2922 652 3005 tabulae,
688 2943 843 3002 annorum
879 2922 1001 2985 scilieet
1029 2923 1079 2985 80.
1103 2921 1141 2983 81
1173 2927 1204 2983 et
1235 2921 1308 3001 183,
1337 2919 1527 2983 cruderatae

163 3030 246 3104 sunt,
269 3041 350 3104 quas
367 3021 488 3104 primus
504 3023 623 3106 publici
639 3025 718 3088 iuris
736 3025 810 3088 feeit
825 3024 994 3108 Philippus
1012 3023 1099 3086 della
1114 3025 1215 3085 'Porro
1232 3022 1264 3104 ι).
1298 3023 1328 3084 ls
1350 3021 1525 3086 memoriae

163 3143 270 3188 errore
293 3123 429 3206 lapsuve
451 3125 565 3188 calami
590 3145 659 3188 eum
683 3147 746 3190 non
770 3126 824 3191 via.
840 3127 1009 3190 Portuensi
1031 3126 1082 3190 vel
1104 3124 1279 3207 Campana,
1302 3121 1361 3186 sed
1381 3121 1522 3186 Ostiensi

163 3225 204 3288 ad
240 3233 387 3307 quartum
424 3227 594 3292 miliarium
632 3229 758 3292 tahulas
799 3228 934 3292 effossas
975 3249 1046 3290 esso
1081 3227 1289 3306 allirmasset,
1325 3225 1461 3288 Marinio
1481 3227 1522 3307 ⁵),

164 3328 248 3392 Feae
264 3327 307 3410 ⁸),
333 3326 470 3392 Biondio
485 3329 509 3410 1)
532 3329 699 3413 imposuit,
729 3337 763 3392 nt
787 3329 868 3391 salso
893 3330 997 3392 lurum
1024 3330 1055 3392 iu
1081 3329 1136 3392 via
1162 3327 1299 3392 Ostiensi
1334 3327 1428 3390 situm
1456 3345 1527 3390 esso

164 3435 350 3492 statuerent.
397 3431 588 3494 Refntamnt
611 3451 750 3495 errorem
775 3450 876 3514 nuper
898 3431 1036 3495 loannes
1057 3431 1204 3512 Baptista
1225 3428 1265 3492 de
1285 3428 1379 3492 Rossi
1394 3429 1419 3510 b)
1441 3447 1525 3491 euru-

163 3550 224 3612 que
259 3537 386 3595 secutus
415 3533 560 3612 Angelus
595 3533 808 3614 Pellegrinius
823 3535 847 3616 Ι1)
879 3535 1046 3613 lucumque
1074 3530 1333 3594 demonstrarunt
1361 3530 1460 3592 luisse
1492 3529 1523 3591 in

164 3633 257 3696 vinea
291 3632 575 3716 Cerearelliorum,
611 3635 808 3714 argumentis
843 3635 891 3698 usi
927 3634 1120 3698 certissimis.
1177 3634 1404 3713 Praeterquam
1439 3631 1523 3694 enim

163 3735 247 3817 qood
277 3734 318 3797 de
346 3734 464 3798 tabulis
493 3755 649 3798 annorum
678 3737 728 3800 80.
759 3737 796 3799 81
829 3732 1521 3798 et183extatBuonarrotiitestimouium

162 3835 220 3898 hoc
245 3833 308 3898 fide
332 3835 481 3917 dignum:
510 3847 653 3916 repertae
675 3840 734 3898 hac
758 3841 978 3918 inscriptiones
999 3841 1135 3918 [rutrum
1159 3839 1322 3899 Arentinus
1350 3857 1450 3898 nectere
1474 3839 1523 3897 lo·

162 3942 274 4000 nrrnrio
298 3939 379 4001 loon
401 3941 454 3999 oin
476 3940 640 4000 Pertransi
668 3942 712 4000 od
735 3942 906 4003 Melitonos
924 3950 1013 4019 purte
1034 3941 1147 4001 dextro
1168 3960 1188 4001 a
1212 3941 1362 4000 hlollinno
1384 3937 1525 3999 enntr'hns

164 4041 290 4102 llornnm
308 4039 361 4122 ω),
396 4047 461 4102 tam
491 4039 524 4103 in
555 4040 627 4124 ipsa
655 4061 748 4122 quam
779 4043 845 4106 dixi
878 4043 974 4106 vinea
1001 4041 1264 4105 Coeearelliorum
1293 4061 1388 4121 quam
1418 4040 1450 4101 in
1474 4058 1522 4117 ea,

179 4229 1380 4241 Q-—ss—Qffl—-—u-
1410 4230 1441 4234 .-
1467 4229 1522 4233 --.-

233 4344 251 4406 Ι)
272 4344 288 4396 1.
308 4361 332 4397 c.
351 4361 377 4413 p.
391 4344 451 4398 490.
788 4381 792 4390 ·
937 4345 958 4410 ⁸)
970 4349 1083 4414 fremor.
1104 4349 1134 4398 di
1148 4349 1217 4414 fasti
1237 4361 1262 4414 p.
1283 4345 1357 4400 LXI.

231 4431 252 4496 ²)
271 4431 307 4482 01.
337 4432 372 4483 Α.
399 4431 550 4498 Pellegrini
585 4431 625 4498 pli
653 4433 741 4501 erlifiaj
769 4435 815 4484 «101
937 4433 957 4502 ⁷)
978 4434 995 4486 1.
1014 4450 1038 4487 0.
1058 4434 1158 4502 plns

162 4517 270 4582 collegio
288 4518 328 4568 do*
340 4519 451 4584 fratelli
468 4519 566 4568 Aroali
579 4520 636 4586 pe
657 4523 711 4570 not.
726 4522 751 4574 8.
935 4519 956 4586 ⁸)
978 4523 1048 4572 Anu.
1065 4523 1123 4573 iuret.
1144 4519 1272 4572 orchaeol.
1288 4520 1354 4572 1858
1364 4519 1519 4586 p.62ssqq.

230 4601 251 4668 ⁸)
272 4601 289 4654 1.
310 4618 333 4656 0.
354 4605 409 4672 pe
430 4607 524 4656 noh‘l.
936 4607 957 4672 ⁹)
974 4609 1015 4675 qh·
1034 4609 1123 4676 editizj
1145 4606 1189 4658 det
1217 4606 1325 4672 collegio
1348 4605 1389 4656 de’
1406 4605 1516 4670 scutella

231 4689 252 4754 ι)
284 4688 455 4742 Monnnrento
490 4693 585 4742 veteris
617 4692 693 4743 drrtir'
728 4709 752 4761 p.
780 4693 814 4746 91
866 4695 963 4745 Arsaci
980 4710 1006 4762 p.
1020 4697 1045 4748 8.

163 4779 191 4826 ei
208 4775 268 4829 384.
926 4780 955 4844 1ο)
977 4779 1141 4833 Buouarroti
1163 4777 1234 4830 Verri
1251 4778 1410 4830 vincerericli
1423 4777 1508 4846 prael.

222 4860 251 4930 ⁴)
272 4862 336 4916 Arc.
356 4877 382 4931 p.
396 4864 439 4918 65.
864 4884 890 4937 p.
906 4867 1000 4930 Xllll;
1020 4867 1055 4919 01.
1075 4866 1137 4921 eod.
1156 4865 1297 4919 Marneoll.
1318 4866 1343 4918 Α
1357 4865 1392 4920 43
1411 4865 1428 4920 1.
1441 4867 1483 4920 911.
