3644 5592
735 312 891 372 Exordium.
1404 322 1485 364 Ἢν

226 507 276 574 28.
320 506 426 571 Pauca
447 498 585 583 denique
608 489 759 574 addenda
780 495 854 554 sunt
875 486 915 550 de
939 487 987 570 iis,
1012 501 1094 570 quae
1116 480 1156 545 de
1178 478 1311 544 bistoria
1332 479 1396 544 luci
1423 497 1487 541 mo-

142 617 427 689 numentorumque
460 602 529 666 eius
561 618 601 664 ex
632 593 766 680 repertis
801 593 964 674 bucusque
998 589 1078 654 actis
1118 585 1268 666 colligere
1301 582 1384 646 licet.
1440 580 1487 644 Ea

142 723 239 780 antea
270 711 408 776 uiuimus
440 705 472 770 iu
506 701 667 786 stylobata
699 697 808 783 templi
842 695 943 760 incisa
977 712 1047 758 esse
1081 709 1101 754 a
1132 695 1274 773 tempore
1311 687 1377 752 sere
1411 684 1488 751 (lae-

142 817 225 882 suris
251 812 387 896 Augusti
418 808 459 874 ad
487 814 623 872 aetatem
655 821 757 886 usque
791 797 942 865 Antonini
970 797 1032 878 Pii,
1064 800 1098 858 ut
1120 792 1215 859 etiam
1248 795 1361 876 prostes
1393 809 1488 872 quae·

142 921 217 984 dam
257 911 562 1000 superadderentur:
602 913 675 980 acta
711 904 795 970 euim
829 925 857 969 a.
892 903 954 966 213
987 899 1020 963 in
1053 903 1143 982 parte
1176 893 1326 958 inferiore
1359 893 1488 958 tabulae

143 1044 171 1087 a.
198 1023 258 1086 lr'rb
281 1016 444 1100 adscripta
465 1019 552 1096 sunt,
580 1009 622 1074 ad
650 1005 849 1091 eandemque
876 1005 943 1069 fere
965 1009 1101 1067 aetatem
1123 1003 1269 1084 spectant
1291 1003 1362 1062 acta
1384 997 1416 1061 iu
1445 1003 1489 1060 ta·

144 1127 219 1190 bula
255 1144 284 1188 a.
314 1124 356 1187 90
389 1117 529 1198 adiecta,
565 1132 649 1197 quae
686 1131 770 1176 anuo
804 1111 867 1174 219
907 1105 1077 1172 tribuenda
1115 1123 1186 1170 csse
1219 1099 1354 1167 ostendi.
1409 1100 1490 1164 Aeta

144 1235 248 1292 auteur
278 1245 306 1289 a.
335 1224 392 1288 183
415 1239 513 1306 supra
543 1216 681 1282 vidimus
711 1219 841 1298 propter
871 1211 1005 1276 sormam
1032 1208 1192 1274 diversum
1219 1225 1282 1269 uon
1310 1203 1343 1268 in
1378 1202 1489 1267 eodem

145 1329 306 1413 stylobata
328 1325 504 1412 perscripta
525 1320 634 1386 luisse.
671 1319 783 1401 Itaque
805 1316 897 1381 tertio
914 1315 1041 1380 saeculo
1058 1312 1230 1397 incipiente
1245 1307 1376 1392 repletis
1390 1326 1490 1392 prope

146 1433 244 1496 muris
269 1429 311 1496 ad
333 1437 406 1494 eota
427 1423 633 1493 inscribenda
654 1427 709 1485 ant
736 1421 842 1506 spatia
868 1438 907 1484 ea
936 1416 1178 1500 adhibebantur,
1207 1434 1289 1499 quae
1317 1419 1412 1477 antea
1437 1431 1491 1476 va-

146 1555 204 1600 cua
236 1535 270 1598 iu
298 1533 340 1598 iis
365 1530 478 1596 relirta
506 1535 604 1614 eraut,
633 1534 688 1591 aut
715 1525 747 1589 in
778 1523 851 1588 aliis
879 1521 942 1587 luci
975 1521 1187 1584 monumentis
1217 1527 1290 1584 aeta
1317 1518 1491 1585 exaraban-

146 1647 210 1720 tur3
246 1645 280 1702 ut
308 1644 380 1700 aeta
409 1656 438 1699 a.
461 1633 522 1699 2.8
546 1630 701 1714 iuscripta
727 1626 853 1693 suntin
876 1623 1155 1724 adversapariter
1180 1629 1211 1689 et
1238 1642 1355 1689 aversa
1379 1623 1489 1688 tabula

148 1739 302 1824 quadam,
329 1759 412 1823 quae
434 1754 565 1801 mensae
588 1733 724 1798 fortasse
746 1731 815 1795 loco
838 1728 1009 1793 Arvalibus
1032 1733 1109 1812 erat,
1133 1727 1206 1792 item
1229 1734 1301 1792 aeta
1323 1747 1352 1792 a.
1375 1727 1438 1792 220
1461 1726 1492 1789 iu

149 1842 301 1908 cathedra
316 1839 522 1906 subselliove,
567 1838 649 1920 Mox,
673 1833 794 1900 seilicet
814 1837 888 1918 post
903 1830 1059 1897 Gordiani
1075 1829 1253 1915 imperium,
1277 1837 1348 1895 acta
1363 1830 1491 1894 muuiuo

151 1947 299 2011 videntur
321 1944 454 2010 desiisse
476 1941 583 2026 incidi,
606 1941 676 2005 sive
698 1937 783 2023 quod
804 1941 1007 2000 cessaverant
1022 1935 1186 1999 Attalium
1202 1953 1296 2000 sacra
1311 1935 1380 1998 sive
1395 1933 1492 1997 aliam

150 2051 187 2116 ob
214 2069 347 2116 eausam
374 2047 465 2112 nobis
492 2047 643 2129 ignotam.
688 2043 801 2124 Neque
822 2045 929 2110 tamen
951 2037 991 2104 ab
1014 2057 1054 2103 ea
1075 2039 1139 2103 iam
1162 2044 1267 2102 aetate
1289 2043 1494 2102 uranumeuta

150 2153 243 2238 diripi
272 2157 385 2235 coepta
412 2163 483 2214 esse
511 2154 542 2212 et
563 2167 621 2231 per
643 2144 752 2210 urbem
774 2143 885 2228 spargi
908 2141 1076 2207 manifesto
1100 2141 1262 2224 colligitur
1284 2141 1374 2226 iude,
1406 2139 1493 2224 quod

151 2259 181 2321 in
203 2253 394 2322 coemeterio
416 2251 621 2316 subterraneo
644 2246 895 2331 christianorum,
919 2245 1005 2330 quod
1027 2251 1101 2309 ante
1128 2245 1368 2312 Constantinum
1398 2243 1494 2328 irnpe-

151 2367 285 2424 ratorem
309 2355 483 2420 institutum
507 2372 578 2418 esse
600 2349 738 2436 pervidit
759 2349 891 2418 Rossins
908 2349 940 2434 ¹),
963 2356 1105 2414 actorum
1127 2347 1292 2413 Arvalium
1315 2349 1495 2430 fragmenta

151 2463 239 2526 nulla
267 2461 386 2526 effossa
412 2463 484 2522 sunt
511 2454 573 2519 nisi
600 2473 698 2518 unum
728 2451 938 2518 restaurando
962 2451 1066 2516 loculo
1088 2451 1265 2517 adhibitum
1287 2453 1493 2536 alterumque,

151 2585 211 2646 (quo
235 2562 415 2647 sepulcrum
437 2561 471 2624 in
494 2558 563 2622 solo
587 2563 774 2623 excavatum
797 2563 901 2622 aetate
923 2554 1099 2640 posteriore
1113 2554 1302 2640 adopertum
1320 2562 1376 2621 est.
1399 2555 1494 2620 Acce·

153 2666 205 2752 dit,
228 2665 316 2750 quod
331 2685 372 2729 ne
389 2663 422 2726 in
437 2662 577 2726 oratorio
601 2659 728 2746 quidem
743 2680 764 2725 a
778 2662 919 2725 Damaso
936 2665 1075 2724 extructo
1092 2679 1284 2744 quamquam
1299 2659 1384 2726 baud
1399 2659 1495 2723 dubie

153 2791 188 2834 eo
204 2777 347 2853 tempore
364 2767 467 2830 luomn
484 2762 646 2828 obristiani
661 2762 877 2848 possidebant,
901 2767 1043 2827 aetorum
1059 2761 1224 2828 Arvalium
1240 2763 1325 2829 ullae
1342 2761 1496 2846 reliquiae

155 2879 296 2957 repertae
324 2875 404 2934 suut.
449 2865 543 2933 Unde
570 2865 630 2932 boe
653 2873 737 2932 certe
760 2871 885 2931 constat
906 2863 949 2928 ad
971 2885 1088 2930 annum
1111 2885 1212 2950 usque
1234 2866 1305 2950 382,
1335 2887 1397 2950 quo
1414 2865 1498 2930 bona

153 2976 341 3060 templorum
369 2980 400 3037 et
426 2971 627 3036 sacerdotum
656 2969 763 3035 omnia
790 2969 987 3034 aGratiano
1011 2968 1156 3052 Augusto
1179 2969 1212 3034 in
1234 2967 1343 3034 fiscum
1367 2967 1498 3034 redacta

155 3087 241 3163 sunt,
271 3077 384 3140 illaesa
410 3074 566 3140 uransisse
595 3077 800 3138 monumenta
827 3071 1002 3136 Arvalium.
1047 3072 1093 3136 llo
1116 3092 1201 3136 anno
1224 3073 1390 3138 Arvalium
1413 3074 1499 3138 bona

156 3181 307 3247 ecclesiae
330 3181 492 3244 Romanae
522 3176 642 3240 donata
671 3195 741 3241 esse
770 3181 945 3241 extructum
972 3175 1017 3240 ibi
1047 3175 1220 3240 oratorium
1242 3175 1367 3242 videtur
1389 3175 1498 3242 contir-

156 3303 250 3350 mare.
289 3283 331 3346 At
352 3301 392 3346 ne
414 3287 479 3345 tum
502 3279 630 3364 quidem
645 3279 796 3364 templum
817 3279 973 3344 deiectum
988 3284 1037 3344 est
1051 3279 1231 3364 tabulisque
1247 3279 1289 3345 ad
1304 3280 1497 3364 stylobatam

158 3385 269 3451 adfixis
291 3385 460 3470 privatum,
484 3405 554 3448 cum
577 3385 738 3449 etiamtum
756 3382 854 3448 aedes
877 3383 940 3448 diis
961 3401 1072 3446 sacrae
1087 3381 1112 3467 ³)
1127 3381 1251 3466 legibus
1273 3385 1498 3468 imperatorum

158 3495 405 3572 protegerentur.
451 3490 549 3553 Immo
565 3487 753 3570 tabularum,
770 3505 854 3570 quae
870 3485 1126 3570 inscriptionibus
1139 3486 1381 3552 christianorum
1401 3489 1498 3570 insig-

159 3612 212 3658 ues
244 3593 329 3656 eirca
362 3591 534 3656 oratorium
567 3590 699 3654 Damasi
733 3589 872 3654 effossae
899 3595 985 3672 sunt,
1020 3588 1109 3654 nulla
1142 3587 1182 3654 de
1217 3590 1298 3656 aede
1331 3591 1498 3656 Arvalium

159 3693 301 3760 detracta
327 3701 390 3777 est;
424 3713 526 3776 neque
557 3692 723 3758 Arvalium
751 3692 869 3758 tabulis
896 3699 980 3758 tecta
1006 3697 1080 3757 sunt
1109 3692 1170 3757 uisi
1197 3695 1345 3779 sepulcra
1370 3693 1499 3758 rudiora

160 3799 292 3864 saeculis
324 3797 435 3881 quinto
469 3803 500 3860 et
533 3801 621 3860 sexto
656 3795 707 3861 vel
740 3796 835 3861 etiarn
869 3797 1098 3880 posterioribus
1133 3817 1154 3862 a
1186 3797 1298 3862 Rossio
1332 3796 1498 3878 tributa³).

160 3899 362 3966 llouumenta
395 3899 493 3982 igitur
519 3897 684 3964 Arvalium
713 3899 809 3964 etiam
835 3905 1003 3984 postquam
1031 3900 1117 3965 bona
1145 3921 1251 3966 eorum
1278 3899 1440 3986 publicata
1468 3907 1500 3964 et

161 4003 344 4070 christianis
368 4003 445 4068 data
467 4009 548 4086 sunt,
571 4021 629 4086 per
650 4001 781 4084 longum
797 4009 922 4086 tempus
938 4003 1086 4069 videntur
1107 4003 1222 4069 illaesa
1243 4003 1385 4086 durasse,
1408 4011 1439 4068 et
1461 4023 1501 4067 ne

161 4105 192 4170 id
215 4107 343 4192 quidem
360 4126 469 4172 verum
486 4103 706 4189 videturesse,
729 4104 814 4189 quod
829 4106 974 4170 Rossium
985 4107 1010 4190 ⁴)
1029 4114 1156 4173 secutus
1172 4107 1241 4192 ipse
1262 4107 1337 4170 olim
1354 4107 1449 4171 statui
1465 4105 1499 4190 ⁵),

162 4209 233 4274 dum
249 4211 323 4275 aedi
340 4215 532 4295 parceretur,
556 4209 660 4272 lucum
677 4208 850 4292 expilatum
866 4228 942 4273 osse
957 4219 1223 4294 monumentaque
1245 4209 1313 4274 eius
1335 4209 1368 4273 in
1391 4209 1500 4274 urbem

162 4319 339 4396 asportata3
356 4331 429 4376 nam
445 4311 570 4375 etiamsi
586 4311 666 4376 inter
681 4319 753 4376 acta
764 4311 796 4374 in
810 4313 1007 4378 coerueteriis
1023 4313 1212 4379 suburbanis
1229 4313 1260 4376 in
1276 4313 1411 4397 ipsaque
1423 4313 1500 4377 urbe

163 4411 290 4480 iuventa
305 4415 389 4480 baud
405 4435 509 4500 planca
524 4413 651 4499 quidem
667 4415 857 4480 docnrneuta
871 4415 986 4480 aetatis
997 4423 1070 4480 aunt
1081 4417 1266 4501 posterioris
1282 4415 1336 4502 (cl.
1349 4413 1500 4481 elenchus

164 4535 259 4602 supra
281 4539 311 4602 p.
329 4518 409 4583 XXI
433 4517 615 4603 propositus
631 4523 770 4582 actorum
787 4537 804 4581 e
819 4519 890 4583 luco
906 4517 1127 4604 sublatorum),
1149 4519 1243 4603 plura
1262 4527 1369 4590 tamen
1391 4538 1500 4583 eorum

169 4655 1350 4668 *mm-n-——ffl
1361 4661 1498 4668 -—.-

230 4727 250 4792 ¹)
275 4725 347 4824 diali,
367 4727 440 4778 ureb.
460 4727 529 4778 crist.
550 4727 617 4781 1869
636 4743 653 4796 ρ
683 4730 802 4797 lseqq·,

165 4817 321 4878 praesertim
341 4828 367 4882 p.
383 4813 415 4866 13
425 4827 503 4882 seqq.
925 4813 946 4882 ⁴)
965 4815 1028 4867 Anu
1057 4815 1124 4867 Inue.
1145 4817 1216 4868 areb.
1239 4819 1306 4872 laus
1324 4833 1349 4888 p.
1365 4817 1487 4886 68seqq.

229 4899 249 4964 ¹)
274 4901 308 4954 ol.
328 4899 448 4954 Roscius
467 4900 483 4953 l.
504 4915 527 4954 o.
548 4903 616 4957 1865
637 4917 664 4973 p.
682 4901 804 4974 bseqq.;
926 4899 947 4970 ¹)
966 4902 1106 4956 Relaziurre
1123 4919 1149 4976 p.
1162 4904 1224 4960 Xll.

167 4985 333 5062 temptor
353 4989 420 5046 luta
439 4989 604 5062 p.13ueqq.
