3644 5592
293 311 348 352 xtv
889 286 1049 344 Exordium.

295 483 379 544 quac
407 483 425 528 e
451 460 585 545 regione
608 461 677 526 eius
700 460 801 524 altero
823 461 897 526 viae
919 461 1019 525 latere
1042 459 1105 524 sita
1126 461 1283 546 Stephani
1308 462 1482 528 Oeecarelli
1506 469 1563 544 est,
1588 480 1661 526 sae·

297 565 369 646 pius
392 584 469 629 casu
493 571 622 649 reperta
643 569 717 627 sunt
738 569 881 626 actorum
905 562 1041 626 frustula
1062 563 1189 644 exigua,
1214 584 1298 646 quae
1321 565 1493 646 diligenter
1522 567 1662 629 collecta

294 672 325 728 et
342 665 506 750 descripta
521 667 562 731 ab
578 667 704 747 Angelo
721 665 915 746 Pellegrinio
932 667 1003 748 ipsc
1019 664 1096 728 olim
1111 664 1199 730 edidi
1221 673 1253 730 ct
1278 673 1312 730 ut
1335 668 1425 750 potui
1442 667 1602 731 illustravi
1623 667 1659 750 ¹).

294 767 442 848 Denique
465 777 638 834 narrarunt
660 768 836 832 sciscitanti
859 767 933 831 mibi
951 765 1135 832 Ceccarellii
1152 786 1287 830 avorum
1310 789 1439 832 suorum
1463 775 1569 834 aetate
1591 790 1661 832 ma·

293 889 378 950 gnae
401 871 494 934 molis
517 891 598 934 sana
619 869 664 934 ibi
686 870 807 935 effossa
822 889 894 935 esse
916 869 1027 934 litteris
1043 869 1149 952 plena,
1166 889 1249 952 quae
1265 889 1336 934 cum
1351 891 1474 936 summo
1490 872 1661 936 doctrinae

294 970 482 1038 detrimento
507 973 679 1056 perierunt.

382 1076 430 1139 15.
477 1075 566 1153 Quae
589 1096 659 1138 cum
682 1075 729 1138 ita
751 1079 866 1157 esseut,
890 1074 997 1156 evcnit
1013 1079 1143 1137 'aestate
1165 1075 1243 1138 anni
1267 1074 1358 1156 1866,
1383 1081 1416 1139 ut
1439 1076 1555 1140 vineae
1583 1095 1658 1160 pos-

295 1196 455 1260 sessores,
480 1197 549 1240 cum
574 1183 692 1241 terram
715 1177 800 1240 circa
823 1195 931 1240 casam
954 1175 1106 1238 rusticam
1129 1173 1229 1238 muris
1252 1176 1393 1257 antiquis
1417 1176 1658 1242 inaedificatam

300 1279 519 1344 effodiendam
543 1285 699 1362 currarent,
723 1279 783 1342 sub
807 1277 973 1362 espancis
989 1276 1106 1360 palmis
1122 1276 1180 1340 sub
1196 1282 1283 1345 terra
1299 1277 1462 1358 ingentem
1480 1280 1659 1363 reperirent

294 1381 438 1446 tabulam
460 1401 672 1446 marmoream
695 1381 808 1445 litteris
831 1379 1016 1462 inscriptam
1039 1385 1138 1442 totam
1161 1377 1327 1442 Arvalium
1350 1386 1423 1444 acta
1444 1401 1598 1445 annorum
1614 1383 1658 1446 58

295 1489 327 1546 et
348 1483 390 1546 59
413 1503 533 1564 magna
555 1505 594 1548 ex
623 1490 715 1569 parte
738 1483 952 1566 complexam,
987 1502 1083 1564 quam
1105 1480 1284 1564 prostitisse
1307 1481 1340 1543 in
1363 1482 1486 1564 antiqui
1519 1483 1658 1548 aedilicii

296 1585 409 1664 attigui
442 1585 566 1668 pariete
594 1585 763 1650 manifesto
796 1582 1025 1668 apparebat²).
1081 1585 1221 1665 llcpcrta
1252 1581 1364 1646 tabula
1391 1604 1461 1648 cum
1490 1584 1657 1648 doctorum

299 1687 424 1750 animos
458 1686 563 1751 denuo
597 1687 640 1750 ad
673 1687 779 1751 lucum
812 1686 980 1750 Arvalium
1013 1691 1197 1749 revocasset
1222 1690 1254 1749 et
1279 1685 1349 1748 sine
1377 1685 1525 1769 impensa
1557 1685 1659 1750 nimia

296 1789 510 1874 pervestigari
539 1809 635 1872 posse
661 1789 789 1852 vineam
817 1787 1089 1852 Oeccarelliauam
1124 1793 1311 1870 appareret,
1346 1808 1417 1852 cum
1450 1795 1659 1852 monumenta

297 1891 465 1976 Arvalium
494 1911 531 1953 co
556 1897 640 1953 ecrte
662 1890 731 1954 loco
756 1897 841 1955 terra
863 1911 927 1954 non
950 1887 1123 1952 admodum
1152 1888 1219 1950 alta
1240 1894 1434 1970 tegerentur,
1458 1895 1657 1953 nocturnam

298 1995 449 2057 effossam
473 1993 631 2055 removeri
654 2013 786 2064 necesse
809 1999 903 2074 esset,
927 1991 1095 2056 consilium
1118 1989 1179 2052 loci
1202 1990 1425 2072 perscrutandi
1442 2011 1511 2055 cum
1527 1992 1658 2056 Momm-

297 2116 374 2159 seno
405 2093 645 2157 communicavi.
692 2095 752 2171 Qui
779 2115 850 2157 curn
877 2092 1029 2157 Societati
1064 2090 1330 2172 arulraeologicae
1357 2093 1556 2158 Bcrolinensi
1590 2113 1656 2156 rem

300 2197 520 2281 proposuisset
538 2217 576 2261 ex
592 2199 724 2278 eiusque
740 2197 836 2260 sociis
851 2194 939 2270 baud
954 2194 1050 2278 pauci
1072 2214 1221 2258 unacum
1239 2195 1386 2258 Instituta
1401 2196 1656 2277 arclraeologiro,

256 2335 259 2342 ·
297 2299 383 2380 quod
406 2301 526 2364 ltomae
549 2307 611 2383 est,
634 2301 798 2382 impensas
821 2297 863 2360 aul
887 2317 958 2360 eam
981 2317 1047 2360 rem
1073 2296 1272 2360 necessarias
1296 2297 1440 2361 conferre
1464 2298 1656 2382 coepissent,

295 2402 445 2482 Augusta
461 2402 666 2465 serenissima
680 2401 854 2464 Borussiae
870 2401 1004 2482 Regina,
1021 2417 1106 2462 nunc
1122 2398 1247 2480 imperii
1264 2398 1448 2463 Germanici
1464 2399 1657 2484 Imperatrix

296 2503 555 2586 clementissima,
581 2503 650 2566 eius
672 2503 718 2566 rei
742 2502 857 2566 certior
880 2501 967 2566 facta
989 2501 1031 2564 an
1054 2500 1253 2583 privatorum
1271 2501 1518 2566 munificentiam
1539 2501 1657 2566 (lanum

296 2605 421 2686 regium
434 2604 561 2668 adiecit.
577 2605 635 2668 llis
648 2605 750 2687 copiis
763 2625 832 2668 curru
844 2605 1014 2666 instructus
1028 2622 1141 2681 essem,
1156 2601 1341 2666 Ceccarellii
1355 2603 1472 2668 fratres
1484 2611 1519 2668 ut
1530 2605 1656 2668 vineam

297 2708 498 2790 explorarem
514 2707 728 2789 permiserunt
743 2726 782 2770 ea
801 2706 997 2788 condicione,
1015 2712 1049 2769 ut
1065 2707 1181 2770 nostris
1195 2707 1347 2790 impensis
1366 2706 1555 2770 effossiones
1567 2705 1659 2790 perfi-

297 2815 444 2873 cerentur
460 2807 616 2887 nobisque
630 2807 680 2871 ius
695 2814 780 2872 esset
794 2807 982 2891 publicandi
998 2829 1082 2890 quac
1111 2809 1335 2892 reperirentur,
1359 2808 1472 2872 fierent
1490 2815 1597 2872 autem
1620 2827 1661 2871 ca

299 2910 497 2974 dominorum
514 2910 640 2973 vincae.
685 2911 914 2994 Approbnrunt
929 2910 1134 2994 condiciones
1151 2911 1205 2991 qui
1222 2910 1343 2990 directi,
1368 2915 1402 2972 ut
1417 2909 1515 2991 vulgo
1538 2907 1659 2990 dicunt,

297 3012 358 3075 loci
381 3031 585 3094 possessores
608 3017 690 3094 suut,
715 3012 861 3075 canonici
884 3012 1039 3076 ecclesiae
1062 3015 1093 3078 S.
1119 3013 1242 3075 Mariae
1265 3012 1297 3075 in
1321 3011 1465 3076 vialata.
1500 3009 1661 3074 Permissa

298 3117 396 3198 igitur
423 3115 588 3195 curatoris,
617 3115 672 3195 qui
696 3119 771 3176 tunc
793 3120 863 3176 crat
892 3133 1023 3195 operum
1047 3114 1247 3196 publicorum
1274 3121 1306 3178 ct
1335 3113 1524 3194 commercii,
1548 3132 1661 3176 versus

299 3220 393 3282 linem
429 3217 546 3281 mensis
581 3215 701 3298 Aprilis
735 3216 812 3278 arrni
849 3216 928 3278 1867
967 3215 1153 3279 Cercarcllii
1191 3217 1382 3279 effossiones
1404 3215 1553 3295 aggressi
1576 3218 1659 3294 sunt,

298 3341 381 3402 quae
415 3320 504 3402 operi
532 3318 698 3388 insistente
725 3316 819 3379 Petro
851 3317 1051 3400 potissimum
1080 3317 1272 3382 Cecrar'ellio
1299 3317 1369 3379 viro
1398 3323 1526 3379 strenuo
1557 3333 1661 3395 neque

298 3423 386 3506 rudi,
414 3423 609 3504 interruptae
638 3418 797 3482 interdum
828 3420 936 3502 operis
960 3419 1195 3500 deficientibus,
1221 3417 1262 3480 ad
1285 3417 1369 3482 diem
1394 3436 1495 3498 usque
1518 3415 1662 3480 III-idus

298 3525 398 3588 Iulias
427 3525 494 3588 eius
518 3523 593 3585 anni
618 3527 800 3605 protractae
824 3527 912 3604 sunt,
943 3541 1006 3602 quo
1031 3519 1236 3585 vehementia
1259 3521 1376 3584 caloris
1399 3517 1515 3582 aestivi
1539 3516 1661 3598 agrico-

298 3627 347 3690 las
370 3629 442 3690 illos
466 3625 610 3688 advenas
633 3629 758 3686 montes
782 3641 857 3685 suos
880 3628 1026 3705 repetere
1051 3623 1166 3703 coegit.

384 3729 536 3810 Inceptae
563 3730 668 3788 autem
699 3728 772 3787 sunt
803 3723 963 3788 fossiones
991 3744 1029 3787 co
1052 3724 1123 3806 ipso
1147 3723 1234 3805 lurco,
1259 3744 1322 3804 quo
1346 3744 1432 3787 anno
1459 3722 1663 3807 praecedenti

298 3835 426 3912 reperta
449 3833 518 3891 erat
540 3827 745 3890 Neronianae
769 3825 883 3888 aetatis
907 3825 1029 3908 tabula,
1054 3825 1095 3887 ‹le
1117 3845 1181 3905 qua
1203 3826 1313 3908 paullo
1337 3833 1411 3889 aute
1428 3825 1576 3889 diximus.
1600 3823 1663 3888 Ubi

299 3953 369 3994 cumr
397 3931 439 3994 ad
467 3929 667 3992 altitudinem
697 3933 868 3991 metrorum
898 3927 1024 3990 circiter
1048 3927 1185 3989 duorum
1209 3933 1240 3989 ct
1262 3927 1405 3990 semissis
1429 3923 1547 4008 operae
1570 3945 1665 4009 pene-

299 4039 437 4097 trassent
471 4032 638 4112 solumque
673 4027 871 4092 invenissent
904 4027 1073 4109 antiquum
1102 4028 1234 4110 planum
1264 4031 1296 4091 'et
1329 4027 1417 4092 (ealon
1440 4033 1665 4108 constructum,

301 4135 544 4217 inscriptionum
574 4130 742 4194 Arvalium
765 4127 843 4191 nihil
872 4129 918 4192 ibi
948 4149 1118 4212 superesse
1141 4129 1312 4193 urarrifesto
1336 4129 1526 4212 apparebat.
1572 4129 1667 4194 Unde

300 4244 419 4300 terram
446 4233 667 4318 pervestigare
701 4230 871 4294 statuimus
903 4231 1048 4312 proxime
1078 4252 1186 4295 rnurros
1216 4229 1353 4294 aedilicii
1383 4230 1526 4312 rotumli,
1551 4231 1667 4312 quibus

302 4337 445 4401 innititur
472 4357 549 4400 casa
579 4335 710 4414 vineae3
748 4332 973 4414 inceptumque
995 4337 1044 4394 est
1072 4352 1152 4416 opus
1182 4354 1202 4396 a
1232 4339 1323 4415 parte
1346 4331 1479 4395 sinistra.
1501 4331 1564 4396 loci
1587 4331 1666 4412 eius,

302 4439 388 4502 uude
405 4436 523 4520 prodiit
538 4435 650 4499 tabula
664 4435 723 4496 illa
740 4433 936 4515 Neroniana,
963 4432 1085 4496 scilicet
1109 4431 1150 4495 ab
1173 4432 1321 4496 aedificic
1346 4433 1574 4496 adorientem.
1618 4431 1666 4494 Ibi

304 4561 373 4604 cum
398 4537 440 4601 ad
463 4536 664 4603 altitudinem
688 4535 812 4598 circiter
835 4534 926 4598 metri
941 4533 1037 4598 unius
1056 4541 1142 4598 terra
1158 4541 1270 4615 egesta
1286 4538 1380 4615 essct,
1405 4553 1525 4614 magna
1540 4540 1669 4616 reperta

320 4716 459 4724 -—--..-.—

378 4799 397 4864 ¹)
418 4801 488 4849 Anu.
508 4795 524 4848 l.
545 4813 568 4849 c.
589 4813 614 4865 p.
627 4797 671 4850 51.
689 4796 732 4850 52.
1015 4796 1083 4849 1866
1112 4811 1138 4863 p.
1159 4794 1192 4847 57
1210 4808 1289 4861 seqq.
1322 4799 1351 4846 et
1378 4809 1430 4861 ego
1459 4790 1572 4842 Hermes
1601 4788 1669 4842 1867

374 4885 395 4952 ²)
413 4883 483 4938 Edd.
499 4883 533 4937 de
547 4883 632 4936 Bessi
650 4882 725 4933 Rutu
748 4883 777 4934 di
795 4883 870 4937 orcle.
883 4883 955 4934 crist.
1012 4881 1078 4950 pal
1087 4895 1174 4948 seqq,
1183 4879 1254 4934 Arum
1264 4881 1328 4936 Iurat.
1337 4880 1416 4934 Arcb.
1425 4878 1492 4935 1867
1501 4875 1667 4948 pffflseqq.
