3644 5592
300 359 322 398 x
896 335 1054 392 Exordium.

293 509 412 574 iactum
436 527 507 574 csse
530 507 606 574 inde
629 515 773 593 apparet,
798 509 884 590 quod
907 510 940 574 in
963 509 1045 573 actis
1068 528 1097 572 a.
1122 509 1163 574 69
1186 509 1301 575 visitur
1323 510 1429 590 lituro,
1453 511 1484 574 in
1508 529 1573 592 qua
1596 508 1661 573 luit

294 631 412 676 nomen
427 610 559 690 Vitellii,
576 611 672 694 quod,
689 612 717 676 si
728 611 850 694 aliquot
863 612 1027 676 mensibus
1041 617 1113 695 post
1127 612 1348 695 magisterium
1363 613 1485 678 finitum
1502 620 1575 676 acta
1591 632 1661 676 nra-

295 713 419 796 gisterii
431 719 565 778 exarata
576 721 693 798 essent,
710 735 751 778 ne
763 714 857 778 scribi
870 714 999 795 quidem
1012 713 1170 796 potuisset
1181 713 1212 797 ¹).
1247 715 1437 780 Interiectus
1450 721 1498 780 est
1509 713 1661 778 Vitellius

295 837 324 881 a.
354 817 384 880 d.
415 815 498 880 XIII
524 815 684 882 kalendas
715 817 885 882 Ianuarias
913 817 964 880 rel
993 815 1105 898 paucis
1141 815 1255 880 diebus
1284 823 1357 900 post
1370 815 1412 900 ²),
1441 817 1475 882 id
1504 821 1553 880 est
1584 821 1661 900 post

297 919 381 984 diem
397 918 535 1001 tertium,
552 937 649 1000 quarn
664 920 850 1002 magisterio
867 918 961 1001 abiit;
985 937 1024 981 ea
1039 917 1137 998 igitur
1152 923 1258 982 aetate
1274 925 1356 1003 aeta,
1374 939 1457 1001 quae
1474 921 1542 985 sine
1559 919 1660 983 dubio

296 1021 403 1086 statim
418 1026 491 1103 post
505 1028 636 1104 peracta
650 1041 743 1086 saera
758 1023 791 1086 in
808 1021 949 1085 codicem
966 1021 1194 1102 reserebantur,
1211 1027 1285 1104 post
1300 1020 1422 1086 finitum
1437 1023 1659 1103 magisterium

295 1124 402 1188 statim
426 1125 460 1186 in
482 1144 640 1188 mannore
663 1131 798 1190 exarata
820 1129 904 1186 sunt.
940 1123 1010 1200 Quo
1033 1123 1139 1186 minus
1162 1124 1246 1187 enirn
1262 1125 1406 1207 protinus
1430 1132 1502 1208 post
1524 1131 1659 1208 peraeta

297 1225 456 1290 sacrificia
484 1225 684 1306 singulorum
713 1232 786 1290 aeta
813 1225 916 1288 incisa
947 1245 1018 1289 csse
1042 1225 1220 1308 credamur,
1244 1226 1378 1310 impedit
1399 1227 1575 1290 litterarum
1599 1245 1659 1309 per

296 1329 449 1392 universa
478 1327 547 1390 eius
574 1329 651 1392 anni
679 1335 752 1392 acta
779 1347 904 1392 summa
932 1326 1165 1410 aequabilitas,
1194 1329 1341 1408 quamvls
1370 1335 1526 1411 extrema,
1551 1334 1585 1391 ut
1612 1327 1657 1409 tit,

297 1431 407 1515 paullo
430 1429 655 1511 neglegentius
679 1436 813 1494 exarata
835 1430 906 1494 sint.
944 1430 1082 1494 Arvales
1105 1436 1212 1493 autern
1234 1449 1304 1492 cnm
1329 1431 1469 1494 omnium
1492 1449 1658 1494 sacrorum

298 1539 371 1596 acta
400 1540 550 1596 accurate
579 1533 611 1596 in
640 1551 798 1595 marmore
825 1531 999 1596 incidenda
1026 1537 1188 1612 curarent,
1218 1551 1277 1596 neo
1306 1533 1416 1597 liceret
1444 1533 1506 1596 nisi
1529 1533 1657 1616 piaculo

297 1636 384 1700 lacto
416 1634 536 1697 sermm
565 1633 598 1696 in
626 1633 732 1696 lucum
760 1633 896 1716 inferre,
925 1654 991 1696 non
1012 1634 1112 1715 liquet
1140 1653 1204 1714 quo
1232 1632 1327 1697 modo
1352 1633 1470 1698 iactum
1493 1635 1544 1716 sit,
1568 1635 1658 1698 utin

297 1737 378 1802 actis
401 1743 475 1800 ante
498 1755 527 1798 a.
551 1735 589 1798 81
615 1735 756 1799 exaratis
779 1735 900 1819 piaculi
915 1735 1003 1799 illius
1018 1735 1209 1798 ruentionem
1225 1755 1289 1800 non
1306 1735 1448 1799 iecerint.
1472 1737 1556 1802 Nam
1570 1737 1658 1818 quod

298 1839 477 1921 comparari
501 1843 666 1920 potestne
688 1837 771 1901 sacri
795 1837 926 1920 quidem
950 1836 1031 1901 deae
1053 1837 1136 1900 Diae
1157 1843 1300 1920 ternpore
1323 1839 1505 1920 antiquiore
1526 1840 1658 1904 mentio·

298 1962 370 2006 nem
394 1941 516 2024 lierI¹),
541 1947 654 2024 postea
676 1959 716 2002 ex
739 1939 841 2003 tribus
863 1940 933 2003 eins
956 1940 1039 2003 sacri
1065 1939 1179 2002 diebus
1199 1939 1335 2022 primum
1359 1961 1457 2004 unum
1473 1941 1511 2024 ⁴),
1541 1940 1658 2006 deiude

296 2046 378 2109 duos
393 2044 417 2128 ⁵)
446 2044 478 2106 in
505 2044 587 2106 actis
610 2042 867 2124 commemorari,
901 2040 934 2104 id
958 2040 1114 2105 dissimile
1137 2048 1199 2122 cst3
1224 2042 1438 2125 praecedebat
1464 2045 1549 2108 enim
1572 2044 1656 2108 sacri

297 2147 431 2211 indictio
461 2133 649 2226 dierumque
677 2142 830 2208 delinitio.
880 2144 993 2224 Neque
1025 2143 1177 2206 omissum
1215 2144 1247 2206 iu
1277 2145 1357 2208 actis
1388 2146 1548 2229 piaculum
1576 2147 1658 2210 illud

296 2250 343 2312 ita
370 2247 527 2331 explicari
556 2252 676 2330 potest,
704 2252 740 2309 ut
766 2245 893 2309 tabulas
916 2247 1014 2308 'extra
1036 2244 1141 2308 lueunr
1165 2245 1285 2309 incisas
1315 2247 1347 2309 in
1376 2266 1447 2311 eum
1477 2248 1657 2314 intulerint:

297 2370 370 2414 nam
399 2351 441 2414 ab
471 2369 510 2414 ea
538 2349 721 2413 coniectura
749 2345 900 2410 abhorret
927 2346 1093 2430 universa,
1122 2346 1162 2410 de
1191 2367 1256 2428 qua
1284 2367 1369 2412 nunc
1397 2350 1559 2431 agendum
1589 2351 1657 2434 erit,

297 2453 379 2517 ratio
402 2459 545 2516 actorium
567 2452 600 2514 in
623 2449 742 2514 tabulis
765 2448 1074 2532 perscribendorum.

382 2556 464 2618 Acta
486 2553 653 2618 Arvalium
676 2571 736 2616 nco
758 2557 891 2614 exarata
912 2571 971 2615 nec
994 2559 1149 2634 concepta
1170 2571 1296 2636 semper
1318 2555 1430 2619 eodem
1453 2555 1549 2620 modo
1573 2562 1657 2620 sunt.

297 2658 334 2722 In
363 2655 537 2720 exarandis
566 2657 646 2720 actis
674 2653 834 2738 prioribus
861 2655 1058 2738 temporibus
1086 2655 1285 2736 singulorum
1313 2675 1469 2721 annorum
1498 2665 1571 2722 aeta
1592 2677 1657 2721 non

295 2759 433 2840 singulis
459 2759 578 2823 tabulis
605 2758 758 2822 mandata
785 2761 873 2840 sunt,
908 2757 967 2822 sed
995 2757 1103 2821 ornnia
1131 2757 1178 2820 ita
1206 2757 1406 2841 continuata,
1436 2767 1470 2824 ut
1499 2759 1657 2825 interdum

273 2861 371 2926 ‘anni
395 2881 500 2943 neque
521 2861 677 2944 incipiant
698 2879 718 2923 a
741 2859 907 2944 principiis
930 2859 1111 2924 tabularum
1135 2880 1194 2924 nee
1217 2860 1249 2924 in
1270 2859 1333 2924 fine
1353 2880 1463 2925 earum
1493 2861 1657 2944 exeant⁸p

296 2966 412 3029 Aetate
428 2969 539 3026 contra
554 2963 732 3046 posteriore
748 2963 894 3042 integrae
918 2961 1054 3042 singulis
1070 2961 1165 3024 annis
1180 2961 1310 3026 tabulae
1327 2962 1482 3027 destInari
1499 2965 1656 3045 solebant,

296 3067 428 3148 eiusque
450 3065 586 3129 rationis
610 3065 790 3148 exemplum
813 3063 1073 3144 antiquissimum
1096 3071 1266 3128 servarunt
1287 3071 1361 3128 acta
1388 3085 1418 3129 a.
1445 3067 1496 3130 87.
1542 3067 1658 3144 Quam-

296 3188 392 3250 quam
420 3189 484 3232 non
514 3186 641 3250 semper
668 3167 817 3247 singulae
843 3164 976 3230 tabulae
1004 3165 1204 3244 singulorum
1227 3186 1385 3232 annorum
1408 3174 1481 3232 acta
1505 3171 1659 3234 universa

298 3272 566 3354 eornplectuntur;
589 3275 625 3332 ut
640 3275 712 3332 aeta
728 3288 757 3332 a.
776 3269 817 3333 90
833 3287 892 3352 per
915 3267 996 3331 eluas
1019 3267 1147 3331 tabulas
1170 3268 1246 3332 olim
1269 3271 1456 3334 coniunctas
1479 3271 1659 3354 perscripta

298 3373 439 3456 luerunt,
472 3370 638 3436 versieulis
667 3370 805 3451 singulis
833 3389 891 3453 per
919 3375 1088 3449 utramque
1116 3369 1365 3452 procedentibus
1392 3373 1552 3457 tabulam,
1585 3378 1658 3436 acta

296 3494 326 3538 a.
362 3477 419 3538 101
449 3495 506 3557 per
535 3473 703 3536 continuas
726 3472 855 3536 tabulas
879 3469 961 3534 duras
984 3478 1126 3535 exarata.
1171 3473 1345 3538 Praeterea
1368 3475 1465 3538 etiam
1487 3481 1658 3558 postquam

297 3585 370 3641 aeta
398 3597 554 3642 annorum
583 3575 782 3656 singulorum
817 3575 850 3637 in
878 3573 1017 3656 singulis
1045 3573 1163 3638 tabulis
1187 3575 1341 3658 perscribi
1366 3583 1480 3660 coepta
1503 3583 1585 3656 sunt,
1602 3595 1660 3659 per

296 3681 519 3764 exceptionem
543 3677 703 3742 interdum
726 3676 768 3741 ad
792 3697 883 3742 usum
907 3676 1120 3757 antiquiorem
1143 3675 1282 3739 reditum
1305 3695 1376 3742 esse
1397 3685 1470 3742 acta
1486 3677 1660 3742 ostendunt

296 3801 325 3846 a.
349 3783 443 3846 Silet
469 3783 538 3866 126,
562 3799 645 3864 quac
668 3779 701 3842 in
724 3779 838 3843 mediis
861 3779 980 3843 tabulis
1003 3779 1163 3862 incepisse
1185 3785 1329 3862 apparet.
1374 3779 1416 3844 Et
1438 3779 1499 3844 hae
1528 3779 1658 3861 quidem

296 3884 427 3948 tabulae
450 3884 484 3947 in
506 3883 606 3946 rrruris
629 3881 681 3946 vel
704 3881 867 3963 stylobata
889 3881 997 3965 templi
1021 3881 1172 3946 videntur
1195 3881 1264 3944 sive
1287 3881 1405 3945 infixae
1419 3882 1488 3946 sive
1505 3889 1659 3946 exaratae

297 4007 383 4070 esse,
419 3987 459 4051 ob
491 4005 626 4068 eamque
662 4003 793 4048 causam
821 3983 935 4048 eadem
965 3983 1033 4047 lere
1061 4001 1171 4045 ornnes
1201 3983 1370 4048 altitudine
1398 3991 1482 4048 sunt.
1539 3985 1657 4048 Earum

300 4095 407 4152 autem
439 4088 551 4152 ultima
583 4106 666 4169 (puae
695 4093 842 4169 superest
875 4091 949 4149 aeta
978 4084 1120 4149 continet
1150 4103 1179 4148 a.
1210 4085 1279 4150 155.
1324 4086 1476 4150 Exactis
1501 4106 1658 4150 annorum

298 4189 440 4272 proxime
476 4189 736 4271 subsequentium
771 4209 835 4251 uon
863 4194 1030 4252 remanent
1057 4187 1119 4250 nisi
1149 4185 1286 4251 durstula
1314 4189 1464 4270 exigua·
1483 4209 1566 4270 quae
1595 4207 1660 4251 non

299 4289 494 4376 significent,
518 4311 581 4374 quo
605 4291 700 4354 nrodo
724 4291 854 4354 talrulae
878 4295 1031 4353 exaratae
1055 4288 1183 4353 luerint.
1221 4289 1303 4353 Arta
1326 4295 1431 4354 autern
1460 4309 1489 4354 a.
1516 4291 1576 4354 183
1600 4288 1659 4353 dii·

371 4511 389 4578 ¹)
409 4513 444 4566 ct.
471 4513 629 4582 Klrigmann
654 4515 809 4584 Philolopas
832 4514 956 4569 XXVIII
1078 4513 1099 4579 ⁴)
1119 4513 1154 4570 cl.
1182 4529 1206 4566 n.
1232 4515 1274 4568 27.
1300 4515 1341 4568 38.
1366 4513 1408 4568 40,
1427 4511 1470 4566 58.
1494 4511 1536 4564 59.
1560 4510 1602 4563 69.
1627 4509 1661 4562 72

300 4600 384 4656 sold
403 4617 429 4670 p.
442 4600 503 4655 419.
1009 4605 1038 4653 et
1057 4599 1073 4654 l.
1093 4615 1116 4655 c.

369 4687 389 4754 ²)
409 4687 561 4742 'salemon
583 4689 644 4742 bist.
669 4691 716 4742 cler
739 4707 804 4756 emp.
825 4689 836 4742 1
864 4705 890 4758 p.
903 4690 956 4743 622
1078 4685 1098 4756 Β)
1119 4686 1154 4739 cl.
1174 4688 1216 4741 66.
1235 4688 1276 4741 87.
1296 4689 1330 4741 89
1349 4689 1379 4739 et
1397 4685 1414 4738 l.
1434 4701 1457 4738 c.

298 4786 356 4828 nole
374 4776 400 4829 l.
1077 4777 1098 4836 ο)
1118 4774 1152 4827 ci.
1166 4789 1191 4826 a.
1204 4773 1322 4834 33-363
1343 4771 1439 4826 Claud.
1453 4771 1490 4836 B;
1509 4771 1592 4836 bi‚2;
1611 4770 1658 4834 583

370 4861 391 4928 1)
411 4861 447 4914 el.
466 4878 490 4915 a.
512 4863 545 4918 14
564 4867 593 4916 et
612 4867 758 4918 comment.
783 4863 817 4918 ad
845 4879 953 4918 sacrum
1005 4863 1053 4928 593
1073 4863 1121 4920 6οι
1138 4863 1185 4924 69;
1205 4863 1252 4924 80;
1271 4861 1313 4916 81.

300 4947 369 5004 deae
390 4949 472 5002 Diae.
885 4941 887 4948 ’
