3592 5598
702 398 778 454 Vota
796 415 894 456 sunus.
1430 401 1470 484 93

127 573 256 651 pluribus
277 572 428 632 Aroobius
459 571 499 649 (ἵ,
519 571 567 648 26)
598 573 647 650 qui
667 576 795 650 oqrnlata
817 585 843 632 et
860 580 944 634 mista
974 575 1046 635 dicit
1064 591 1130 634 esse
1150 579 1376 634 caerimoniarum
1405 575 1471 634 baec

125 689 223 748 peraeta
254 670 403 747 mitemque
433 669 557 728 adbibita
575 673 604 726 in
619 669 776 746 plurinum.
818 669 882 727 Tus
908 675 1003 730 antem
1028 671 1164 727 novellam
1185 669 1268 730 addit
1288 687 1353 729 esse
1367 689 1470 746 prope·

126 765 234 822 crodunt
253 783 308 822 rem
328 783 412 840 neqne
432 783 564 821 annornm
585 765 799 840 inexplicabilem
817 769 920 835 seriem,
950 783 982 822 ec
1011 785 1063 842 qno
1093 769 1148 822 cius
1171 769 1268 822 notitia
1288 765 1423 840 proflatit
1441 769 1470 822 in

125 861 173 917 bns
187 868 284 936 partes
303 868 326 914 et
345 859 462 916 delubris
481 863 576 916 merab
596 863 718 917 interesse
732 861 845 918 bicinis:
865 877 930 918 nam
953 877 1047 936 neque
1068 859 1248 935 temporibus
1270 857 1395 918 heroicis
1416 875 1468 919 nec

124 953 259 1012 Etruriae
281 969 334 1011 nee
355 953 482 1012 Romulo
503 971 597 1030 neque
618 953 732 1012 Numae
754 961 800 1012 tus
821 961 921 1014 uotum
941 955 1040 1014 luisse.
1068 953 1208 1015 Similiter
1229 959 1295 1012 tura
1314 954 1471 1028 peregrina

124 1049 194 1108 diat
214 1045 412 1106 Tertullianus
443 1049 488 1124 (de
506 1060 587 1125 pert.
610 1048 663 1124 ll).
704 1049 804 1108 Nihilo
835 1050 928 1110 minus
959 1057 1221 1109 commemorantur
1244 1048 1303 1106 iam
1324 1065 1342 1107 s
1362 1046 1470 1106 Plauto

124 1143 228 1216 (Anlctl.
245 1144 379 1219 prolapus
399 1143 447 1218 24)
467 1150 496 1203 et
517 1143 629 1204 Catone
651 1143 685 1222 (r.
706 1164 730 1202 r.
754 1145 818 1220 134)
839 1145 889 1221 qui
908 1145 1079 1222 priusquam
1101 1145 1205 1204 messis
1230 1143 1289 1218 liat,
1317 1147 1380 1201 ture
1401 1141 1469 1201 vino

124 1237 195 1296 lano
218 1237 284 1296 Iovi
303 1237 407 1296 Iunoni
427 1237 621 1314 praefandum
651 1257 716 1298 esse
746 1239 936 1316 praescribit;
968 1257 1022 1298 nec
1053 1245 1175 1316 postera
1204 1245 1283 1297 certe
1313 1245 1410 1298 aetate
1439 1237 1468 1296 iu

123 1331 275 1391 sacrificiis
296 1339 433 1407 poterant
454 1332 572 1392 deesse:
594 1335 630 1394 cs.
651 1333 824 1411 blarquardt
843 1335 877 1393 lt.
898 1335 934 1394 A.
955 1337 974 1392 4
994 1353 1023 1411 p.
1043 1331 1109 1393 tet.
1137 1334 1181 1392 De
1202 1333 1270 1392 vino
1291 1331 1347 1392 diis
1368 1333 1469 1392 oblato

122 1427 158 1485 el.
182 1424 262 1486 Cato
282 1426 299 1486 l.
322 1427 340 1486 1.
363 1429 425 1486 132.
450 1429 511 1486 134.
531 1459 570 1472 ·-
591 1427 655 1487 Tus
677 1435 771 1488 autern
793 1435 823 1488 et
845 1429 940 1488 viuum
961 1431 1021 1488 lere
1042 1445 1158 1506 semper
1177 1428 1334 1487 coniuncta
1354 1444 1420 1486 esse
1439 1427 1469 1486 in

125 1521 228 1596 sacris,
248 1519 280 1579 id
300 1521 380 1598 qnod
401 1521 523 1582 vidimus
546 1524 704 1583 tradidisse
725 1524 899 1598 bruchium,
918 1521 1094 1583 confirmant
1114 1531 1143 1583 et
1163 1521 1404 1594 saturnalium,
1419 1521 1469 1598 qui

122 1633 211 1694 saepe
232 1616 367 1676 dicuntur
387 1629 445 1676 mre
463 1629 489 1676 et
510 1624 572 1677 eino
587 1623 685 1695 secisse
706 1621 755 1697 (ef.
769 1620 924 1679 ectnsacri
936 1620 1015 1677 Maio
1027 1637 1125 1678 mense
1141 1619 1211 1676 iacti
1222 1616 1356 1694 passim),
1377 1621 1406 1676 ct
1416 1633 1469 1676 ara

121 1713 312 1772 celeberrima
332 1711 534 1773 Narbonensis
557 1713 619 1788 (Or.
641 1715 729 1791 2489)
751 1716 779 1773 in
800 1733 859 1793 qua
880 1713 1021 1790 scriptum
1051 1721 1109 1774 est:
1140 1716 1180 1770 ad
1196 1713 1404 1789 supplicandum
1419 1731 1467 1768 na·

121 1812 185 1865 utini
206 1813 263 1866 ciat
283 1808 420 1888 (Arpinati)
441 1819 481 1867 tus
501 1815 633 1868 ebrinum
655 1813 687 1868 tle
710 1831 757 1868 suo
784 1831 813 1868 ec
839 1813 881 1867 elie
902 1819 1041 1885 praestent
1061 1819 1086 1866 et
1112 1811 1193 1869 ΠΙ]
1208 1805 1365 1883 idolatriae)
1388 1805 1468 1865 Octo·

120 1905 201 1980 br(es)
224 1915 267 1962 irre
286 1907 375 1961 tinrtm
401 1906 503 1963 colonis
522 1915 548 1962 et
567 1907 663 1964 incolis
679 1915 825 1983 praestent.
852 1907 915 1965 Vll
931 1923 1034 1981 qrtoqae
1056 1906 1117 1962 idus
1139 1899 1314 1978 lanternae)
1331 1945 1469 1960 .......

120 2009 176 2057 inre
195 2004 259 2058 cino
277 1999 427 2074 supplicent
446 2010 474 2056 et
492 2001 593 2058 leontios
611 2000 753 2078 stirpabat)
773 2002 909 2058 immolent
929 2010 952 2057 et
971 2001 1073 2057 colonie
1093 1998 1238 2074 incolisque
1263 2006 1304 2054 tas
1328 1999 1418 2054 einum
1438 2015 1468 2054 co

122 2097 163 2152 dic
178 2103 328 2171 praestent.
361 2127 396 2137 -
426 2095 584 2156 Natalibns
606 2097 736 2171 Augusti
767 2102 797 2154 et
819 2095 864 2154 Ti.
889 2095 1053 2154 Caesarum
1083 2097 1117 2152 ut
1145 2098 1208 2151 tare
1239 2095 1270 2150 et
1301 2090 1368 2148 vino
1389 2089 1469 2164 genii

121 2207 218 2248 eorum
242 2188 280 2248 ad
305 2189 482 2266 epulandum
509 2209 560 2250 ara
586 2191 708 2250 numinis
730 2191 858 2266 Augusti
884 2189 1049 2260 invitentur,
1075 2187 1287 2263 praescribitur
1312 2186 1396 2246 titulo
1417 2183 1468 2244 Or.

121 2286 190 2358 6863
213 2283 347 2343 similiter
367 2283 481 2343 Plinius
503 2286 554 2361 (ep.
579 2288 622 2359 10,
643 2285 703 2361 96),
725 2285 760 2343 de
782 2285 948 2344 christianis
969 2283 1007 2342 ad
1027 2283 1186 2342 Traianum
1207 2282 1318 2342 litteras
1340 2280 1469 2353 mittens,

119 2377 240 2456 imagini
261 2378 322 2438 eius
343 2385 405 2438 ture
427 2397 462 2438 ac
482 2380 550 2438 vino
570 2398 588 2437 a
608 2379 784 2457 quibusdam
812 2379 1006 2456 supplicatum
1037 2395 1102 2436 esse
1133 2377 1231 2435 refert.
1273 2377 1318 2435 De
1349 2391 1408 2450 qua
1437 2389 1468 2431 re

119 2473 207 2550 plnra
229 2472 350 2548 collegit
371 2473 515 2533 Marinins
537 2495 566 2552 p.
587 2477 642 2533 288
665 2493 748 2552 seqq.
767 2508 806 2518 -
827 2473 914 2548 Quod
935 2481 1029 2532 autem
1051 2472 1171 2532 Arvalis
1197 2475 1263 2530 ture
1289 2479 1318 2530 et
1339 2469 1405 2528 rino
1425 2467 1467 2526 di·

119 2569 193 2628 citur
216 2567 322 2626 iecisse
342 2571 371 2624 in
390 2572 450 2644 igne
467 2573 497 2626 in
510 2570 617 2646 somilo,
637 2570 667 2628 id
692 2569 854 2648 respondet
876 2569 974 2628 verbis
995 2567 1093 2628 Ovidii
1114 2567 1194 2644 (sart.
1215 2567 1243 2641 4,
1264 2565 1331 2638 935)
1356 2563 1405 2641 qui
1426 2563 1469 2622 sic

120 2663 238 2724 scribit:
259 2683 277 2719 a
297 2663 394 2720 dertro
413 2663 484 2720 uillis
503 2667 617 2722 rotantele
636 2667 730 2724 solutis
750 2685 859 2742 curruque
878 2667 945 2720 rneri
960 2673 1063 2738 patera
1083 2667 1150 2720 turis
1169 2681 1268 2720 acerra
1282 2664 1347 2737 suit.
1393 2659 1468 2717 Tura

114 2763 187 2836 socie
206 2762 350 2833 sinumque
369 2760 444 2816 dedit
463 2767 517 2818 oet.
558 2761 602 2819 De
624 2759 729 2820 loculis
750 2759 811 2818 sive
832 2759 906 2817 iocis
927 2759 962 2817 ci.
984 2757 1125 2816 Marinins
1149 2755 1190 2834 (p.
1213 2758 1267 2815 311
1291 2752 1385 2832 seqq.)
1416 2752 1466 2829 qui

119 2853 155 2912 ab
176 2851 237 2912 aris
258 2869 308 2910 eos
330 2851 463 2912 diversos
484 2854 574 2914 luisse
595 2854 691 2914 docet.
718 2855 756 2914 Id
777 2854 949 2914 confirmant
962 2853 1058 2912 Varro
1079 2851 1158 2928 apud
1179 2850 1313 2911 Servium
1333 2849 1385 2926 (cd
1396 2847 1466 2906 Ana

118 2951 143 3022 3,
166 2947 249 3022 134)τ
270 2950 337 3004 inter
356 2957 484 3006 samaias
504 2969 571 3006 aras
593 2954 677 3026 soros
702 2969 805 3028 qnoque
823 2954 932 3007 sacrari
956 2949 1054 3018 solere,
1079 2959 1108 3006 ut
1133 2951 1162 3004 in
1182 2945 1318 3022 Capitolio
1339 2947 1401 3003 Ioni
1420 2943 1467 3000 In·

117 3047 181 3101 noni
200 3043 346 3100 Mirmrooe
365 3048 436 3114 oet.;
457 3061 532 3119 quae
553 3046 644 3105 verbs
664 3062 720 3104 nou
741 3053 786 3104 est
806 3043 854 3120 qui
876 3061 934 3102 non
949 3042 1056 3117 videat,
1077 3061 1163 3120 qnam
1178 3042 1252 3102 benc
1267 3036 1469 3115 respondeant

116 3138 151 3196 iis
182 3153 260 3214 qnae
291 3135 327 3194 de
349 3137 508 3196 Arvalibns
540 3145 694 3198 narrantur
719 3139 746 3196 iu
772 3155 842 3198 area
864 3137 1035 3214 Capitolina
1056 3135 1300 3197 sacrificantibus.
1342 3133 1468 3192 Plautus

118 3231 268 3308 (Amphitr.
292 3233 317 3306 1,
339 3235 364 3306 l,
385 3230 447 3307 11):
467 3234 567 3303 urbem,
587 3253 692 3310 aprum,
712 3253 787 3302 aras,
801 3235 884 3308 focos
903 3235 973 3306 oet.;
997 3231 1104 3292 Cicero
1124 3234 1193 3306 (nat.
1211 3231 1285 3287 deor.
1307 3229 1334 3302 2,
1354 3225 1465 3302 2Ί,67)ε

124 3329 222 3386 Vestae
241 3346 337 3385 nomen
356 3347 375 3384 a
396 3327 511 3387 Graecis
530 3338 568 3385 est
589 3373 595 3386 .
617 3376 622 3387 .
645 3371 651 3386 .
672 3332 862 3396 „siccarent
882 3331 936 3384 aas
956 3329 995 3384 ad
1014 3345 1080 3384 aras
1105 3335 1130 3382 et
1142 3329 1225 3402 socos
1247 3327 1367 3400 pertinet
1396 3326 1466 3392 oet.;

117 3421 194 3482 idem
217 3423 283 3498 (pro
304 3423 384 3481 doato
404 3423 451 3497 40,
474 3424 554 3494 106):
573 3427 614 3480 ius
632 3425 754 3480 statuetis
773 3440 827 3478 esse
843 3426 1046 3498 teniasmtiusqnc
1059 3431 1174 3478 camum
1188 3421 1271 3488 sedes,
1286 3437 1363 3488 aras,
1375 3419 1467 3493 socos,

117 3519 179 3576 deor
200 3517 319 3575 Penates
337 3517 467 3574 ntbieotos
486 3537 540 3574 esse
560 3517 666 3574 libidini
685 3517 878 3582 alternaret,-
907 3516 1053 3575 Veranius
1079 3514 1159 3592 apud
1180 3511 1366 3573 Macrobium
1396 3511 1465 3586 (Sat.

117 3616 143 3686 3,
163 3614 191 3687 2,
213 3611 258 3686 3):
279 3621 339 3669 eata
355 3599 536 3686 perniciosis,
557 3614 599 3667 dis
618 3613 713 3680 dorato,
733 3614 760 3667 in
780 3612 885 3668 altaria
906 3630 1018 3668 arcense
1030 3613 1158 3686 soonmce
1177 3627 1240 3668 eooe
1260 3627 1313 3683 qao
1327 3615 1390 3664 arta
1403 3605 1468 3662 dari

116 3707 255 3775 debebant,
275 3705 333 3766 alii.
376 3703 442 3777 Quo
463 3705 549 3764 modo
570 3705 646 3763 inter
665 3721 696 3762 se
717 3704 863 3776 differant,
885 3723 987 3780 parum
1007 3705 1108 3781 liquet,
1130 3719 1184 3762 nec
1206 3705 1289 3762 certa
1310 3708 1377 3761 sunt
1392 3716 1467 3777 qnae

117 3801 152 3859 de
174 3803 306 3860 iocorum
337 3799 430 3857 forma
460 3807 488 3858 et
518 3799 640 3857 instetis
661 3799 786 3858 coniecit
808 3799 951 3858 blarinius
972 3798 1002 3876 (l.
1025 3799 1073 3874 a),
1094 3799 1150 3857 etsi
1170 3796 1364 3875 probabiliter
1383 3795 1467 3854 iocos

116 3897 207 3954 inisse
228 3893 323 3954 credit
342 3901 371 3950 et
392 3911 464 3950 vasa
484 3893 529 3952 vel
549 3893 575 3950 fit
586 3894 652 3952 tilia
672 3895 716 3952 vel
739 3912 830 3953 aenea
850 3898 881 3952 et
901 3893 1033 3970 tripodes
1054 3893 1211 3970 plicatiles.
1254 3889 1366 3950 Facula
1388 3894 1466 3946 certe

116 3995 260 4067 argenteo
272 3988 564 4047 utebanturArrales
577 3987 625 4064 (ei.
635 3995 699 4047 acta
708 3989 927 4046 Ambarvalium
940 3990 1099 4066 antuerp.
1108 3987 1166 4063 23).
1189 3987 1230 4044 Et
1241 3985 1326 4044 facile
1334 3985 1400 4042 loco
1408 3999 1466 4042 mo·

118 4087 264 4144 rebantur
293 4083 351 4141 loci
382 4082 443 4140 sive
473 4081 562 4140 loculi
583 4089 612 4141 et
637 4083 675 4140 ad
701 4101 786 4141 saera
811 4083 947 4142 iacienda
973 4082 1265 4160 transportabantur:
1300 4081 1336 4138 ei.
1359 4077 1466 4138 Oioero

116 4179 180 4256 (pro
201 4182 281 4238 domo
300 4175 348 4250 tt,
371 4177 432 4235 123.
455 4176 490 4235 ci.
510 4179 557 4250 48,
581 4177 646 4252 125)
661 4179 757 4254 somilo
774 4183 866 4252 posito
886 4181 1029 4236 incastris
1048 4177 1221 4251 adhibitoque
1244 4177 1364 4242 tibicina·
1390 4173 1465 4231 simi·

115 4275 181 4333 liter
198 4273 314 4332 Plinius
336 4275 373 4347 (n.
394 4273 419 4330 b.
440 4273 487 4344 22,
510 4273 570 4345 11);
589 4281 793 4346 praetentorum
813 4275 962 4330 immolasse
982 4274 1022 4330 ati
1041 4272 1174 4328 tibicinem
1187 4272 1284 4347 foculo
1306 4274 1414 4345 posita·
1438 4275 1468 4328 et

115 4369 273 4445 praecipue
294 4366 392 4427 Varro
413 4366 445 4443 (l.
467 4366 484 4424 l.
506 4369 533 4442 6,
558 4367 618 4440 14):
651 4367 794 4425 Liberalia
824 4371 908 4438 dieta,
938 4368 1012 4445 quod
1035 4385 1088 4442 per
1116 4375 1200 4424 toturn
1220 4366 1351 4441 ‹qepidam
1371 4383 1401 4422 co
1422 4365 1467 4422 die

115 4465 206 4522 sedent
220 4465 373 4522 sacerdotes
387 4461 482 4518 Liberi
501 4481 570 4518 artas
589 4465 670 4520 edera
691 4473 839 4522 coronatae
859 4483 918 4520 mirre
939 4463 998 4519 libis
1018 4472 1043 4519 et
1055 4461 1152 4536 samolo
1169 4479 1224 4535 pro
1244 4470 1363 4536 emptore
1380 4463 1466 4517 sami·

110 4563 231 4634 fieomee.
256 4591 289 4602 -
311 4557 390 4616 Ture
411 4563 441 4616 et
462 4557 527 4614 rino
548 4573 613 4615 cunr
634 4559 774 4616 sacerdos
795 4559 924 4630 iecisset,
951 4555 1056 4614 deinde
1082 4556 1215 4614 victimas
1235 4555 1402 4612 immolasse
1423 4553 1465 4611 di·

116 4655 191 4712 oitur
210 4654 275 4712 vino
296 4651 374 4712 mola
393 4651 553 4727 cultroque.
595 4654 751 4722 intinctam,
772 4652 874 4711 scribit
894 4652 1005 4710 Paulus
1037 4651 1077 4726 (p.
1103 4653 1155 4709 110
1177 4649 1223 4707 ed.
1244 4651 1282 4707 M.
1304 4667 1325 4708 s.
1348 4651 1396 4722 νζ),
1427 4658 1466 4707 est

117 4750 197 4818 anolo,
223 4749 254 4805 id
273 4757 311 4805 est
324 4751 407 4824 farre
425 4747 518 4804 melito
539 4757 564 4803 et
582 4749 648 4816 sale,
668 4748 783 4804 bostiam
799 4765 972 4822 perspersum
991 4765 1104 4804 samara
1124 4745 1172 4818 (el.
1194 4743 1301 4803 Festus
1322 4761 1350 4820 p.
1368 4745 1419 4802 141
1443 4761 1466 4801 s.

117 4861 141 4898 r.
162 4843 263 4919 mola):
285 4843 415 4901 similiter
436 4840 555 4902 Servius
577 4843 629 4918 (cel
648 4841 715 4900 Aen.
740 4845 783 4914 10,
803 4843 884 4916 atq:
913 4842 1049 4898 imtrtolari
1064 4844 1180 4916 proprie
1204 4842 1330 4896 dieantur
1354 4840 1466 4909 bestiae,

116 4955 168 4996 reon
191 4959 249 4996 cant
270 4938 427 5007 raeda-utar,
446 4939 495 4994 sed
514 4957 573 4994 rum
593 4940 729 5012 occipiunt
759 4935 1115 4994 natantianatantia.
1147 4933 1185 4992 id.
1215 4936 1256 4992 ad
1274 4934 1342 4991 Aen.
1362 4935 1391 5006 4,
1411 4931 1464 4994 b'l:

117 5033 178 5088 olim
198 5037 266 5091 enim
286 5033 389 5091 bestiae
407 5033 563 5090 ineneolatae
583 5033 740 5090 dicebantur
761 5031 833 5088 erola
852 5029 927 5087 salso
941 5038 1045 5100 taetra·
1065 5049 1123 5087 mern
1145 5049 1206 5088 cero
1227 5034 1296 5088 ictae
1315 5037 1343 5088 et
1360 5031 1467 5106 aliquid
